1448 2540
0 0 9 167 ιζ
342 80 516 119 ‘rmum
542 87 780 118 mosmo-
812 72 926 127 ἂψ.-
936 72 979 114 1.
1259 87 1290 130 9

0 171 5 200 y
85 148 203 201 Quod
229 162 319 202 ergo
335 146 443 190 Deus
462 159 512 187 ex
530 145 784 189 misericordia
802 153 839 187 et
860 145 1073 188 liberalitate
1091 145 1286 198 promisit,

0 202 2 239 ¹
26 211 114 256 illud
136 211 245 252 vobis
263 223 363 251 nunc
377 224 427 251 ex
449 209 582 261 justitia
595 215 635 249 et
652 207 826 249 fidelitate
842 208 971 249 debet.

0 264 1 322 J
81 271 355 317 'tribulationes
370 287 456 326 ergo
471 279 605 313 vestrae
622 277 762 312 certum
777 276 862 310 sunt
876 269 1053 310 indicium
1062 270 1148 321 justi
1160 270 1287 322 judicii

0 347 2 397 f
28 350 103 389 quo
131 335 239 376 vobis
264 333 370 376 Deus
389 349 542 387 regnum
572 347 677 374 suum
698 347 749 375 ex
772 331 910 382 justitia
940 332 1067 373 dabit:
1086 346 1173 381 seu,
1200 345 1286 373 cum

0 400 7 444 ᾖχ
24 396 152 439 nostra
169 395 324 450 Vulgata
342 413 351 436 :
370 398 535 450 patimini
551 410 654 448 ergo,
670 401 712 435 ut
728 393 941 435 ostendatur
957 395 1095 445 justum
1108 394 1285 446 judicium

32 474 107 514 quo
124 459 228 503 Deus
245 475 314 502 vos
334 475 450 514 regno
467 475 534 501 suo
557 460 688 512 dignos
711 458 897 508 judicabit.
1267 509 1270 512 ,

84 522 235 575 Quanta
249 531 288 564 et
306 527 415 578 qu'am
430 526 520 564 mira
532 523 621 563 hinc
636 522 780 563 afflictis
795 521 1018 562 consolatio!
1035 520 1185 561 afflietio
1200 534 1285 561 mea
1351 558 1354 559 γ

0 594 1 640 ᾗ
28 591 171 626 certum
187 593 244 627 est
266 586 463 635 indicium,
481 585 696 635 declaratio,
718 590 948 625 ostentamen
969 590 1005 624 et
1021 582 1285 624 demonstratio

25 650 113 700 justi
124 650 253 700 judicii
266 648 355 700 Dei,
375 664 448 703 quo
464 648 539 691 Dei
552 663 667 702 regno
680 649 810 701 dignus
828 649 1018 700 judicabor
1032 650 1070 688 in
1079 648 1156 689 fine
1173 661 1284 688 mun·

0 695 68 771 hedi
82 744 96 766 ,
113 714 232 768 palam
248 729 370 756 coram
387 716 525 767 angelis
542 721 578 756 et
592 714 819 755 hominibus.

0 777 17 818 ἶ·
79 775 248 818 Afflictio
263 792 346 818 mea
368 792 467 819 nunc
484 780 575 830 parit
592 779 628 817 in
646 791 708 818 me
726 777 830 828 regni
851 774 925 817 Dei
939 778 1112 818 meritum
1133 805 1143 828 ‚
1162 778 1286 831 ipsum

0 821 3 898 J
25 849 183 889 regnum
203 838 396 891 aliquando
413 841 580 891 paritura.

0 903 2 947 }
50 915 55 919 ’
79 901 391 942 momentaneum
407 910 444 942 et
455 903 528 942 leve
540 903 791 943 tribulationis
807 909 946 942 ποεῖν-ω
959 909 1139 941 aternum
1154 901 1285 951 gloriae

0 955 2 983 ζ
23 963 174 1014 pondus
187 971 363 1013 operatur
373 967 413 1004 in
435 965 560 1006 nobis.

8 1044 11 1045 ⁷
83 1021 184 1063 Vere
202 1025 324 1073 itaque
344 1023 495 1063 afflictio
508 1031 623 1064 mater
640 1024 778 1076 gioriae.

79 1081 180 1125 Vere
201 1085 328 1136 itaqu'e
345 1098 435 1124 crux
452 1084 617 1125 amabilis
634 1092 670 1125 et
686 1085 939 1126 desideranda.

10 1183 18 1189 .
81 1141 131 1188 Ϊ.
150 1145 177 1187 6
191 1152 229 1186 et
250 1163 288 1199 7.
308 1147 354 1186 Si
371 1153 498 1186 lamen
516 1146 666 1199 justum
683 1154 737 1185 est
749 1147 854 1197 apud
865 1147 1003 1187 Deum.
1019 1143 1086 1186 Gr·
1103 1144 1288 1198 siquidem

19 1207 109 1263 Syr.
129 1209 428 1262 qnandoquidem
457 1211 591 1260 justum
617 1215 697 1258 est,
720 1215 791 1248 etc.
810 1210 932 1262 itaque
952 1211 988 1248 si
1000 1238 1015 1256 ‚
1046 1221 1123 1247 non
1150 1214 1206 1248 est
1222 1206 1287 1249 hle

23 1271 249 1323 dubitantis,
272 1270 340 1311 sed
369 1273 572 1312 certissime
598 1269 838 1318 affirmantis5
872 1271 973 1324 quasi
1001 1268 1139 1309 diceret
1163 1266 1286 1321 Apo-2

23 1334 138 1375 stolus
157 1350 167 1374 :
416 1328 426 1331 ⁷⁷

12 1414 17 1421 ·
78 1394 230 1438 Etenim
247 1399 278 1437 si
303 1396 473 1438 naturalis
490 1398 639 1450 aequitas
655 1402 693 1436 et
712 1398 789 1449 ipsa
803 1401 901 1435 recta
916 1397 1007 1435 ratio
1021 1424 1034 1446 ,
1056 1397 1167 1436 etiam
1185 1394 1285 1448 apud

25 1459 205 1503 homines
218 1492 231 1512 ‚
246 1462 405 1514 postulat
417 1468 458 1501 ut
473 1462 560 1501 alios
579 1463 711 1511 injuste
731 1461 952 1501 vexantibus
973 1462 1190 1501 retribuatur
1208 1474 1284 1502 ve-.

28 1525 154 1575 xatio,
170 1529 207 1563 et
222 1525 355 1574 injuste
384 1525 528 1564 vexatis
559 1522 781 1564 concedatur
806 1524 953 1575 requies
974 1529 1012 1563 et
1028 1525 1049 1563 a
1066 1525 1187 1575 poenis
1212 1537 1283 1564 re·-

25 1584 178 1634 taxatim

80 1644 232 1697 Quanto
254 1649 368 1698 magis
388 1659 535 1699 aequum
558 1652 614 1686 est
629 1645 726 1697 apud
739 1643 884 1695 Deum,
901 1647 1087 1700 ipsiusque
1104 1653 1182 1687 tum
1197 1648 1282 1697 jus-

29 1706 109 1747 titia
121 1736 135 1757 ,
154 1713 232 1747 tum
250 1708 413 1748 bonitate
435 1708 601 1759 dignum,
626 1715 665 1747 ut
683 1709 725 1747 iis
744 1709 890 1760 quivos
907 1714 1056 1760 propter
1073 1706 1189 1747 fidem
1213 1709 1279 1748 in-

11 1771 119 1822 juste
130 1779 395 1824 persequuntur
406 1786 531 1825 poenas
543 1772 721 1824 rependat
731 1772 887 1822 debitas,
906 1773 1014 1813 vobis
1027 1778 1150 1813 autem
1164 1786 1279 1826 prop-

9 1837 82 1872 ter
99 1846 142 1873 se
160 1833 339 1873 tribulatis
358 1833 422 1874 det
437 1836 602 1886 requiem
619 1835 629 1873 ἔ

79 1891 258 1936 Stantem
272 1894 345 1935 hoc
363 1898 476 1948 exigit
487 1899 562 1950 ipsa
573 1896 740 1936 naturalis
753 1898 901 1949 aequitas
916 1904 953 1938 et
967 1905 1064 1939 recta
1073 1900 1180 1948 ratio,
1197 1905 1276 1939 tum

20 1956 122 2007 apud
137 1956 307 1997 homines
319 1987 331 2005 ‚
356 1964 434 1997 tum
449 1958 546 2010 apud
564 1955 713 2008 Deum,
733 1960 875 1998 etiamsi
891 1958 988 1999 nuila
1003 1957 1102 2008 Dei,
1127 1966 1276 2012 propter

21 2015 137 2059 fidem
151 2019 374 2070 patientibus
398 2017 489 2058 sacta
514 2018 606 2058 foret
625 2021 841 2071 promissio,
864 2025 901 2059 et
923 2018 1020 2059 nulla
1034 2019 1123 2059 alios
1140 2021 1275 2070 injuste

23 2084 328 2136 persequentibus
360 2087 596 2126 comminatio
612 2104 622 2134 ;
654 2091 791 2139 quanto
820 2088 935 2139 magis
965 2088 1028 2127 ubi
1054 2089 1273 2141 supponitur

17 2144 148 2186 {aetna
163 2145 247 2192 Deo
260 2178 274 2198 ,
294 2148 397 2188 malis
430 2150 601 2190 omnibus
618 2155 656 2190 et
671 2152 814 2200 injustis
826 2180 840 2200 ,
856 2148 990 2190 inferni
1010 2152 1270 2199 comminatio;

23 2213 63 2247 et
93 2207 203 2246 bonis
218 2216 367 2262 propter
383 2210 497 2251 fidem
514 2212 735 2263 patientibus
749 2240 762 2262 ,
783 2212 887 2263 regni
904 2211 1061 2251 coelestis
1076 2213 1273 2265 repromis-

22 2269 100 2309 sio!

24 2353 27 2355 >
77 2329 188 2373 Bono
205 2334 325 2387 itaque
349 2339 468 2374 estote
486 2335 609 2374 animo
621 2362 633 2385 ‚
653 2339 864 2375 constantes
878 2340 1025 2375 estote:
1052 2334 1187 2375 leonte
1202 2349 1271 2375 ca-
