1448 2540
0 74 14 134 ἒ
303 95 472 128 mm
500 75 734 125 nxrosrrio.
763 81 859 133 Cap.
883 81 971 122 111.
1234 78 1294 135 59

0 159 29 205 Ἀ
92 156 192 209 Quia
208 157 304 200 dixit
319 156 369 199 de
379 157 508 197 otiosis
518 183 529 203 ‚
550 155 771 206 separemini
785 153 832 194 ab
845 155 920 201 eis,
934 153 1056 193 statim
1072 151 1292 192 misericor-

34 218 96 259 dia
122 225 268 268 motus,
284 220 494 270 timensque
513 229 563 256 ne
578 214 676 256 fame
691 220 843 268 pereant
869 214 970 255 addit
990 228 1001 252 ι

93 277 140 317 V
132 296 175 322 os
203 289 329 321 autem
340 310 355 329 ‚
371 278 538 330 fratres,
556 292 606 318 ne
621 277 822 330 fatigemini
842 276 1059 316 benefacere
1072 304 1085 323 2
1106 287 1177 315 nec
1193 287 1293 314 ves-—

36 351 129 384 tram
144 343 435 395 munificentiam
452 346 600 395 superet
630 353 761 379 eorum
784 339 1019 392 improbitas:
1036 338 1106 378 etsi
1119 349 1197 376 non
1209 349 1294 376 cor-

0 398 4 402 *
37 406 219 457 rigantur,
240 418 289 445 ne
308 410 502 458 propterea
517 403 666 443 cessetis
684 403 736 441 eis
751 399 983 440 benefacere.

2 463 9 469 ⁷
91 467 260 510 Charitas
277 481 426 522 semper
439 466 592 508 charitas
607 473 663 507 est
677 496 689 515 ‚
711 465 751 506 id
766 472 846 516 est,
868 477 1013 516 semper
1026 460 1291 506 benefaciensz

37 535 131 573 sicut
150 530 277 584 Deus,
302 534 381 585 ipsa
400 531 554 572 charitas
577 528 778 570 essentialis
799 559 812 579 ‚
855 530 964 569 bonis
982 534 1020 567 et
1042 525 1145 566 malis
1160 525 1294 563 bene-

38 594 124 635 facit
139 610 150 633 ι
164 595 288 635 Solem
305 609 414 634 suum
435 608 543 645 super
566 594 685 632 bonos
701 599 742 631 et
770 592 894 630 malos
916 592 1007 630 orii-i
1024 587 1158 640 facin
1176 587 1230 625 sic
1256 591 1299 624 et

38 672 148 698 atos...
160 664 274 696 estote
289 655 447 708 peffecli
465 656 605 704 et‘boni
616 684 628 700 ‚
652 655 748 694 sicut
767 653 886 693 Pater
902 663 1023 694 vester
1037 650 1208 691 caelestis.

93 716 199 759 Deus
225 720 265 758 in
296 731 454 771 paupere
485 716 687 765 videndus,
720 728 799 756 non
829 714 1049 756 attendenda
1077 712 1299 766 improbitas

39 783 222 834 pauperis.

92 836 142 884 f.
160 842 222 891 14.
239 841 395 895 Quodsi
402 842 483 895 quis
494 856 568 880 non
581 840 742 880 obedit...
760 841 861 879 lmnc
874 846 1024 885 notate,
1047 839 1138 877 sicut
1152 837 1296 875 bovem

39 909 279 955 cornupetam
290 933 305 954 ,
321 904 372 943 ait
391 897 589 949 Erasmus3
612 907 652 942 et
669 901 806 942 nullum
824 915 908 941 cum
931 914 976 940 eo
998 898 1163 938 habeatis
1182 909 1298 936 com-

42 978 240 1006 meretum.

98 1026 201 1069 Ecce
216 1040 378 1080 poenam.

102 1091 157 1131 Ut
171 1088 448 1141 confundatur,
467 1095 507 1128 nt
522 1088 665 1140 pudore
684 1085 843 1127 suffusus
855 1078 1055 1137 resipiscat.

92 1149 203 1195 ,Eoee
215 1150 329 1191 finem
341 1157 384 1190 et
404 1149 599 1191 utilitatem
615 1150 832 1202 punitionis.

99 1208 320 1266 Superiores
336 1211 399 1251 hle
417 1211 633 1264 alloquitur,
654 1216 694 1249 ut
712 1217 970 1250 contumacem
989 1211 1134 1246 notent.

23 1304 25 1307 -
100 1272 198 1316 Hac
212 1281 301 1317 nota
320 1281 377 1316 eet
396 1275 496 1328 quasi
522 1271 687 1326 specialis
704 1270 1051 1312 excommunicatio.

0 1337 11 1350 ⁸
100 1337 157 1390 Y.
174 1336 216 1380 6.
242 1339 480 1378 comminatio
505 1336 598 1376 sacta
624 1342 702 1384 est,
726 1349 792 1376 seu
813 1334 1145 1375 excommunicatio
1163 1331 1233 1371 lata
1259 1332 1305 1371 in

45 1414 181 1454 genere
195 1418 205 1442 z
226 1401 499 1442 Renuntiemus
516 1407 557 1438 ut
568 1399 804 1438 subtrahatis
819 1412 887 1438 vos
902 1398 952 1436 ab
969 1393 1251 1446 omnisralre...

102 1461 214 1504 Nunc
233 1471 355 1505 autem
369 1464 466 1503 hanc
482 1475 631 1515 poenam
656 1463 839 1513 restringit
856 1461 902 1502 ad
917 1474 984 1501 eos
997 1462 1082 1513 qui,
1104 1466 1188 1512 post
1204 1458 1306 1499 hanc

46 1525 237 1576 epistolam
269 1525 470 1575 admoniti,
498 1531 732 1564 contumaces
750 1531 880 1564 erunt:
897 1523 969 1563 hos
986 1529 1112 1561 notate
1123 1550 1137 1570 ‚
1156 1520 1300 1573 publice

46 1601 90 1627 ac
105 1590 320 1627 nominatim
342 1601 408 1627 eos
424 1587 632 1637 designate,
657 1591 697 1625 ut
714 1588 733 1624 a
754 1588 891 1626 caeteris
911 1584 1077 1624 fratribus
1094 1585 1271 1623 vitentur.

103 1645 205 1688 Hinc
221 1649 320 1688 bene
338 1654 458 1699 potest
478 1647 601 1687 inferri
617 1647 716 1701 quod
736 1648 836 1698 prius
854 1645 1061 1699 praecedere
1079 1644 1212 1684 debeat
1229 1658 1305 1684 ex·

0 1747 4 1751 .
48 1712 389 1751 communicationis
407 1711 668 1754 comminatio;

25 1786 28 1789 ·
101 1768 216 1820 Quod
230 1771 317 1811 solis
334 1773 608 1812 contumacibus
624 1778 661 1812 et
676 1770 875 1812 rebellibus
899 1770 1042 1821 imponi
1063 1768 1196 1809 debeat
1209 1767 1298 1808 haee

18 1832 30 1838 “
50 1834 219 1874 terribilis
238 1836 399 1886 puniti03

105 1892 219 1944 Quod
239 1897 361 1936 animo
379 1909 454 1935 non
474 1895 565 1935 duro
578 1925 591 1946 ‚
607 1908 678 1935 nec
699 1895 772 1934 acri
787 1924 800 1944 ‚
820 1901 880 1934 aut
900 1894 1123 1945 imperioso-3
1138 1890 1205 1930 sed
1223 1905 1302 1944 pa-

50 1965 157 2000 terno
172 1990 184 2009 ‚
208 1960 458 2001 misericordia
476 1967 515 2001 et
533 1960 707 2002 charitate
726 1960 851 2013 pleno.
1137 1963 1152 1971 “

104 2018 194 2060 Non
210 2028 249 2061 ut
266 2021 434 2075 perdatur
450 2021 557 2062 frater
571 2051 583 2071 ‚
602 2021 670 2061 sed
687 2027 725 2060 ut
743 2026 888 2060 sanetur
903 2019 1083 2059 infirmus.

105 2079 165 2122 Eo
183 2086 305 2136 itaque
324 2086 449 2125 animo
466 2099 539 2137 quo
560 2085 752 2136 porrigitur
772 2081 970 2123 medicina.

106 2137 154 2183 Ϊ.
173 2145 236 2184 ι5.
250 2147 306 2184 Et
323 2148 438 2186 nolite
450 2149 562 2199 quasi
573 2147 816 2186 inimIcum...

0 2244 3 2252 2
105 2202 216 2245 Ecoe=
226 2219 346 2247 rursus
361 2215 511 2260 paterna
530 2207 635 2250 Pauli
654 2211 795 2249 viscera
815 2220 892 2259 prae
917 2205 1160 2246 teneritudine
1187 2218 1305 2244 com-

0 2290 10 2308 μ’
50 2274 163 2308 mota.

106 2326 263 2370 Timens
276 2344 323 2371 ne
335 2361 347 2382 ‚
362 2331 411 2370 ob
428 2330 466 2370 id
478 2330 616 2382 ipsum,
631 2329 796 2370 infirmus
813 2328 871 2370 ille
886 2327 1085 2383 desperans
1095 2357 1107 2378 ,
1125 2331 1148 2369 'a
1163 2325 1305 2370 frater-
1377 2344 1391 2354 0
