1448 2540
0 51 19 178 ἓὰ
395 112 571 143 utrm
598 109 817 141 nxrosmo
848 98 944 152 Cap.
971 97 1035 141 ΙΙ.
1302 100 1353 143 3ι

0 175 2 179 ’
154 168 243 213 hm
258 172 361 213 enim
376 173 484 212 estin
501 170 640 212 mundo
653 200 664 219 ‚
681 169 750 210 sed
765 172 865 223 quasi
884 171 1071 222 incognito
1084 201 1095 220 ,
1114 171 1152 210 in
1169 171 1243 211 suis
1259 171 1359 219 scili-

95 238 158 274 oet
174 233 298 286 figuris
317 241 354 275 et
380 221 683 287 praecursoribuS‚
713 233 753 271 in
778 229 932 272 Simone
960 231 1075 285 Mago
1086 263 1096 282 ‚
1129 235 1168 273 in
1197 231 1355 274 Nicolao

94 296 245 351 aliisque
259 299 380 350 impiis
396 305 432 338 et
449 297 648 345 haereticis,
664 295 858 335 hominum
871 296 1152 349 seductoribus,
1172 298 1208 336 in
1224 297 1356 348 quibus

94 371 198 399 suam
214 361 441 411 iniquitatem
454 363 583 399 arcane
596 364 792 411 operatur,
808 357 867 396 vel
877 358 914 396 in
929 358 1058 409 quibus
1074 359 1242 410 iniquitas
1253 357 1348 397 illius

93 421 215 473 agitur
229 421 443 460 abscondite
458 426 495 460 et
509 421 547 459 in
561 421 755 474 mysteriO.
1281 455 1285 458 ,

150 480 415 536 Apostolorum
437 490 605 534 tempore
626 489 729 523 erant
746 483 846 534 impii
863 484 994 534 magice
1014 482 1149 530 dediti,
1170 484 1242 534 qui
1258 484 1354 524 inter

93 545 300 598 baptizatos
313 546 444 585 cultum
455 544 666 584 daemonum
679 557 898 596 promovere
910 545 1139 596 satagebant,
1153 542 1186 584 E
1197 544 1356 585 cclesiae·

94 621 170 659 que
185 608 401 648 sacrificium
420 609 567 660 magicis
586 608 829 647 oblationibus
847 609 920 646 suis
937 606 1191 659 profanabant.
1215 605 1260 646 ln
1279 607 1346 648 ittis

23 684 35 687 ·
102 670 315 720 {miquitatis
332 672 547 722 mysterium
563 671 746 722 agebatur.

150 730 267 772 Erant
285 733 449 774 haeretici
468 736 528 786 qui
550 731 742 785 Evangelii
767 735 959 774 veritatem
976 740 1012 773 et
1028 735 1258 774 sanctitatem
1275 735 1349 775 suis

90 795 277 836 erroribus
294 804 331 836 et
342 797 491 848 impuris
506 797 668 835 moribus
686 795 924 836 destruebant
939 795 1077 835 :inillis
1090 797 1352 848 etiam-ageba-

91 862 152 896 lm·
170 860 382 911 iniquitatis
395 861 621 911 mysterium.

1352 44 1414 67 *s

149 917 235 960 Hos
246 935 377 962 omnes
391 937 589 975 eorumque
599 923 735 964 similes
750 953 762 974 ,
780 923 877 963 velut
890 921 1138 964 Antichristus
1151 923 1351 965 intueban-
1399 919 1403 922 ’

0 1013 25 1037 -
91 987 153 1021 tur
173 979 356 1035 Apostoli.

146 1040 198 1083 Et
214 1044 274 1084 hic
291 1045 461 1097 loquendi
478 1046 607 1086 modus
621 1049 731 1087 etiam
751 1051 771 1086 ὲ
789 1046 837 1087 D.
849 1046 995 1089 Joanne
1013 1048 1223 1102 expressius
1237 1051 1351 1091 usita-

90 1110 151 1146 tus
166 1113 224 1147 est
240 1137 250 1156 ‚
273 1110 399 1160 ptimae
414 1111 521 1160 epist.
550 1124 629 1162 cap.
648 1126 669 1149 2
691 1112 866 1158 :Filioli,
892 1114 1091 1152 novissima
1107 1114 1200 1152 hora
1213 1121 1291 1162 est,
1313 1121 1351 1152 et

88 1171 190 1210 sicut
205 1172 363 1211 audistis
375 1174 462 1225 qut'a
482 1173 737 1212 Antichristus
751 1176 873 1221 verrin
888 1191 988 1214 nunc
1003 1175 1238 1215 Anticlm'sti
1251 1177 1350 1217 mul-

65 1286 69 1288 *
89 1233 126 1270 11⁸
121 1230 234 1281 facti
249 1241 336 1273 sun!
351 1264 364 1282 ,
385 1235 521 1275 scilicet
535 1234 784 1276 haeresiarchae
798 1234 992 1289 Gnostici,
1010 1236 1203 1279 Nicolaitae
1217 1269 1229 1291 ‚
1250 1246 1323 1282 etc.

149 1288 380 1349 5.‘22.Q11is
390 1306 445 1338 est
459 1299 641 1347 mendax,
656 1300 731 1338 nisi
741 1300 773 1338 is
785 1301 851 1353 qm'
858 1309 969 1352 negat
983 1303 1158 1354 quoniam
1172 1303 1284 1342 Jesus
1292 1311 1350 1343 est

91 1355 260 1399 Christus
272 1361 292 1399 ?
314 1361 378 1399 hic
392 1369 447 1401 est
472 1363 721 1401 Antichrisms
741 1366 806 1415 qm'
835 1370 945 1414 negat
971 1364 1122 1403 Patrem
1134 1371 1172 1403 et
1189 1366 1226 1404 F
1224 1366 1349 1407 ilium.

146 1418 239 1474 Cap.
256 1423 294 1471 4.
312 1417 358 1464 f.
376 1423 414 1464 3.
436 1424 572 1464 Omnis
590 1426 741 1476 spiritus
775 1427 841 1478 qui
864 1428 970 1465 solvit
1000 1427 1130 1466 Jesum
1141 1456 1155 1475 ,
1185 1442 1235 1467 ex
1268 1430 1345 1469 Deo

89 1495 168 1521 non
191 1491 245 1522 est
265 1499 280 1530 ;
297 1493 333 1523 ει
350 1486 414 1523 Ῐιίε
444 1493 498 1523 cst
531 1487 807 1535 Antichristus,
837 1490 883 1527 de
902 1504 970 1541 quo
990 1491 1148 1529 audistis
1168 1492 1345 1542 quoniam

92 1542 223 1589 venit,
244 1551 281 1582 el
302 1559 402 1583 nunc
411 1545 500 1597 jum
518 1547 557 1584 in
581 1548 717 1585 mundo
737 1556 803 1588 est.

145 1601 236 1644 Hoc
253 1608 360 1646 etiam
376 1614 495 1658 potest
515 1608 661 1660 intelligi
675 1609 721 1648 de
740 1607 893 1651 Nerone
908 1619 943 1652 et
961 1613 1036 1653 aliis
1052 1615 1173 1666 impiis
1187 1616 1345 1668 impera-

88 1665 253 1716 toribus,
276 1669 376 1718 juxta
398 1672 628 1722 antiquorum
649 1673 878 1724 epimonem.

142 1727 248 1769 Nero
269 1733 368 1770 enim
388 1731 451 1771 suit
474 1738 582 1785 typus
603 1730 834 1775 Antichristi.

142 1785 205 1828 De
230 1785 383 1829 Nerone
406 1798 527 1831 autem
548 1806 624 1831 non
643 1793 781 1834 locutus
798 1803 852 1835 est
874 1792 1096 1848 Apostolus,
1120 1799 1259 1851 quippe
1280 1801 1343 1853 qui

0 1846 5 1919 l
89 1849 161 1889 snb
183 1847 336 1889 Claudio
356 1849 450 1890 hanc
473 1854 663 1906 epistolam
684 1858 827 1909 scripsit
847 1866 932 1898 ante
951 1857 1112 1900 Neronis
1132 1862 1342 1912 imperium.

93 1907 195 1953 Vide
209 1907 346 1950 Baron.
363 1925 422 1952 an.
443 1928 505 1967 70.
525 1912 668 1955 Estium
682 1947 692 1966 ,
709 1917 783 1957 hic.

141 1970 290 2012 Omnes
309 1975 430 2026 itaque
448 1977 548 2028 impii
564 2006 575 2025 ,
594 1982 724 2030 magiae
738 1980 877 2030 dediti,
896 1983 956 2034 qui
974 1982 1111 2023 cultum
1128 1982 1342 2024 daemonum

85 2040 334 2084 promovent,
357 2042 440 2074 sunt
457 2033 689 2079 Antichristi.

145 2095 293 2138 Omnes
309 2099 564 2142 haeresiarchae
578 2109 615 2142 et
632 2103 794 2145 haeretici
808 2136 819 2156 ,
840 2108 902 2159 qui
924 2103 1118 2159 Evangelii
1140 2110 1340 2148 veritatem

83 2158 150 2199 vel
165 2165 393 2220 sanctitatem
412 2174 643 2220 corrumpunt
664 2171 737 2209 suis
758 2171 940 2210 erroribus
953 2201 964 2219 ‚
992 2172 1052 2211 vel
1072 2174 1234 2212 moribus
1261 2174 1340 2212 im-

34 2272 36 2274 Υ
79 2225 183 2276 puris
195 2254 206 2274 ,
225 2231 309 2264 sunt
325 2223 565 2277 Antichristi,
585 2231 622 2270 id
638 2239 717 2280 est,
737 2230 955 2274 Antichristi
974 2234 1226 2277 inchoationes
1238 2266 1252 2288 ,
1275 2251 1340 2277 ru-

80 2286 246 2327 dimenta
265 2318 277 2338 ‚
306 2289 431 2341 figurae
449 2320 462 2341 ‚
491 2295 598 2346 typi,
630 2296 801 2348 symbola
819 2326 830 2345 ,
861 2309 1134 2349 praecursores,
1165 2302 1236 2340 etsi
1269 2313 1336 2341 ore

16 2356 30 2395 sc
78 2345 268 2392 Christum
288 2351 540 2394 confiteantur.
