1448 2540
319 71 503 125 mie
519 87 753 121 musmo.
781 74 877 130 Cap.
909 58 981 117 110²
1232 67 1314 126 43

362 284 578 333 CAPUT
606 283 972 332 SECUNDUM.

529 406 797 463 paraphrasis.

42 497 181 574 ARTE
210 530 335 585 omnia
352 530 458 582 igitur
477 529 654 582 adhortor
680 536 717 571 et
746 530 902 578 obsecro
926 535 967 570 ut
990 527 1054 578 (in
1076 527 1296 583 quotidiano

42 577 166 639 cultu)
187 589 274 630 fiant
296 579 576 632 obsecrationes
583 593 630 632 ad
648 583 845 632 avertenda
862 589 974 636 mala3
998 590 1202 636 orationes,
1223 602 1294 629 seu

42 655 238 705 petitiones
253 655 460 702 bonorum;
481 656 761 706 postulationes,
781 667 845 694 seu
860 668 987 707 preces
1005 668 1071 708 pro
1086 653 1183 699 aliis;
1206 666 1292 704 gra·

40 717 171 816 {imm
196 717 358 756 actiones
391 730 459 769 pro
482 718 672 759 beneficiis
700 718 884 770 acceptis,
907 716 1018 770 idque
1038 729 1104 769 pro
1119 716 1296 757 omnibus

70 777 264 817 ominibus.

98 834 153 877 At
167 840 368 889 praesertim
386 852 451 891 pro
472 840 617 892 regibus
634 845 671 880 et
687 839 858 879 omnibus
877 839 1136 891 rempublicam
1153 852 1296 892 geren·

43 900 141 940 tibus
154 930 165 949 ‚
183 907 222 940 ut
249 901 427 954 placidam
446 916 487 942 ac
511 904 668 954 quietam
689 903 757 942 sub
777 902 843 942 illis
861 903 974 941 vitam
997 909 1165 955 agentes,
1196 904 1293 955 pie-

44 967 160 1003 tatem
172 959 313 1003 facilins
330 962 539 1003 excolamus
551 992 564 1014 ‚
585 977 811 1016 omnemque
829 961 1238 1003 mommhonestatem.

99 1046 251 1089 Etenim
267 1048 347 1097 (sic
362 1062 428 1101 pro
444 1050 614 1090 omnibus
634 1050 767 1099 orare)
783 1053 821 1090 in
838 1063 879 1090 se
895 1051 1038 1091 bonum
1057 1058 1130 1102 est,
1148 1058 1185 1091 et
1206 1049 1301 1093 Deo

43 1110 220 1153 Salvatori
241 1118 366 1152 nostro
387 1118 527 1166 gratum
542 1143 551 1161 ‚

103 1189 179 1241 Qui
199 1191 276 1231 vult
292 1204 422 1231 omnes
434 1190 605 1231 homines
625 1189 742 1229 salvos
758 1191 836 1230 fieri
851 1204 861 1236 ς
882 1196 992 1242 utque
1005 1190 1201 1240 salventur,
1221 1190 1300 1232 vult

47 1267 113 1294 eos
130 1252 176 1292 ad
195 1255 420 1305 agnitionem
438 1255 599 1294 veritatis
613 1282 625 1302 ‚
645 1252 683 1292 id
700 1259 778 1302 est,
798 1250 935 1292 Christi
957 1255 1160 1304 pervenire.

105 1327 217 1378 (Nec
230 1330 268 1370 id
281 1331 413 1370 mirum
430 1337 486 1370 est
500 1330 534 1379 );
551 1343 644 1370 unus
662 1331 761 1370 euim
773 1335 829 1369 est
839 1331 1005 1369 omnium
1024 1335 1163 1369 creator
1175 1326 1300 1380 Deus,

49 1405 142 1432 unus
174 1398 210 1432 et
229 1390 302 1432 Dei
326 1399 362 1433 et
382 1394 545 1432 omnium
565 1390 757 1431 hominum
784 1390 981 1438 mediator,
1003 1391 1164 1442 scilicet,
1186 1389 1301 1432 Jesus

48 1450 234 1502 Christus,
251 1451 380 1493 Homo
399 1451 567 1503 (Deus).

107 1511 185 1563 Qui
200 1516 437 1565 semetipsum
452 1513 552 1553 dedit
570 1515 607 1552 in
620 1517 777 1551 mortem
808 1526 874 1564 pro
887 1513 1058 1552 omnibus
1075 1514 1303 1556 redimendis

52 1577 299 1615 testimonium
311 1573 421 1622 (sane
441 1572 704 1622 indubitatum)
718 1573 817 1625 quod
835 1580 1000 1626 tempore
1020 1575 1198 1616 destinato
1222 1578 1302 1619 de·—

0 1648 1 1653 ’
52 1638 127 1684 dit,
148 1637 196 1678 de
212 1637 334 1677 divina
355 1638 540 1677 voluntate
558 1637 680 1677 salutis
698 1638 876 1676 omnium.

109 1698 173 1741 Ad
200 1700 298 1754 quod
315 1702 562 1741 testimonium
583 1699 860 1752 publicandum,
892 1714 959 1751 ego
980 1703 1192 1742 constitutus
1216 1717 1302 1744 sum

54 1764 268 1816 praedicator
282 1771 319 1803 et
345 1761 544 1817 Apostolus
566 1764 732 1809 (sincere
753 1763 883 1816 loquor
910 1771 946 1804 et
966 1778 1013 1804 ex
1029 1766 1302 1818 conscientia),

55 1826 139 1876 quia
166 1823 295 1863 doctor
313 1837 392 1864 sum
427 1832 463 1864 et
491 1837 613 1877 praeco
644 1824 841 1864 destinatus
875 1826 1053 1877 praecipue
1075 1822 1304 1867 Gentibusin

54 1887 130 1927 fide
153 1894 189 1927 et
207 1889 355 1927 veritate
379 1887 619 1927 instituendis.

110 1947 209 1988 Volo
226 1950 330 2000 igitur
341 1955 378 1989 et
395 1955 482 2000 opto
491 1955 529 1988 ut
540 1951 577 1989 in
591 1946 716 2000 quavis
732 1944 896 1987 Ecclesia
913 1955 1018 1987 orent
1029 1950 1118 1998 viri,
1135 1949 1303 1991 levantes

55 2009 103 2051 ad
123 2008 252 2049 coelum
270 2023 396 2049 manus
415 2013 434 2048 ἐι
452 2009 560 2050 sorde
575 2011 711 2062 peccati
727 2008 882 2048 mundas
893 2039 905 2059 ‚
926 2015 962 2049 et
977 2009 1085 2050 corda
1102 2012 1147 2050 ab
1162 2011 1251 2051 odio
1261 2018 1305 2052 et

56 2069 234 2111 discordia
253 2084 351 2122 pura.

110 2129 282 2171 Similiter
296 2134 433 2183 precari
449 2133 534 2173 volo
550 2133 718 2174 mulieres
734 2134 771 2171 in
789 2132 915 2172 habitu
931 2134 1069 2173 mundo
1083 2140 1119 2173 et
1136 2134 1301 2181 decenti,

58 2193 119 2243 qui
141 2190 318 2242 pudorem
334 2198 371 2230 et
388 2193 604 2233 modestiam
617 2193 799 2239 redoleat;
816 2206 893 2231 non
912 2205 994 2231 cum
1014 2194 1143 2242 tortis,
1158 2206 1223 2232 seu
1237 2207 1302 2233 ca·

59 2253 258 2293 lamistratis
276 2254 432 2307 capilli8‚
452 2268 527 2295 non
547 2269 659 2304 auro,
673 2260 731 2294 aut
753 2255 920 2306 pretiosis
938 2253 1115 2306 lapidibus
1132 2259 1273 2295 ornatas
1285 2283 1303 2305 ,

58 2312 119 2355 vel
135 2313 334 2367 splendidis
352 2330 375 2357 x
378 2315 512 2356 estibus
530 2315 695 2356 indutas·
686 2345 696 2365 ,
