1448 2540
326 98 329 99 a
366 71 535 107 mem
562 71 798 107 extusum.
827 60 922 114 Cap.
948 59 1015 105 11.
1223 63 1308 104 115

110 136 166 190 Y.
189 137 251 179 13.
270 137 397 179 Adam
407 137 509 176 enim
522 137 644 187 prim«)
654 134 850 186 formatus
862 144 928 177 est.

112 197 200 239 Duo
217 205 300 239 sunt
324 200 362 237 in
385 209 492 236 versu
519 198 752 249 praecedente
767 225 778 245 ‚
806 197 942 237 scilicet
958 226 969 244 ‚
1004 196 1144 238 mulieri
1158 197 1305 247 docere

56 273 135 299 non
152 260 346 313 permitto,
365 264 401 298 et
420 272 502 298 eam
520 260 559 298 ἰιι
575 261 692 299 virum
709 259 886 310 dominari
901 259 1000 300 nolo.

119 319 220 361 Hinc
233 321 318 359 duae
338 322 377 360 in
396 320 468 360 hoc
488 323 654 372 sequenti
673 329 784 361 versu
799 323 957 362 rationes
973 323 1117 375 utrique
1128 329 1268 364 asserto
1283 354 1304 375 ,

55 380 185 421 ordine
207 387 329 421 tamen
352 382 498 421 inverso
522 381 865 433 correspondentes.

111 439 202 482 Non
222 442 432 482 dominetur
451 444 488 482 in
505 445 624 486 virum
637 474 648 490 .‚
670 446 753 498 quia
771 445 827 483 vir
847 450 901 483 est
920 441 977 483 itta
1001 446 1246 498 praestantior,
1261 451 1310 487 ut,

57 510 158 556 patet
176 518 224 543 ex
242 506 426 557 utriusque
444 503 672 546 formatione.

114 564 243 603 Adam
257 567 358 603 enim
373 567 476 616 prior
484 564 671 613 formatus
687 572 741 604 est
749 594 763 613 ,
786 562 867 605 Eva
883 569 1059 617 posterior
1071 579 1084 612 3

113 623 235 665 Adam
254 639 326 664 non
343 633 490 679 propter
505 624 623 667 Evam
639 657 652 677 ‚
673 640 793 678 neque
811 640 860 668 ex
873 625 981 675 Ενὲη
1002 629 1069 668 sed
1087 626 1169 669 Eva
1189 643 1310 682 prop·
1382 644 1386 646 ’

58 692 114 726 ter
131 685 256 725 Adam
272 691 311 725 et
329 701 376 726 ex
395 685 516 726 Adam
531 702 540 732 ς

113 742 212 796 Ergo
232 753 307 784 nun
328 759 369 785 se
395 746 559 798 praeferat
592 748 696 796 vim,
725 749 781 787 cui
813 745 919 788 Deus
951 749 1145 800 primatum
1171 749 1310 799 dedit,

58 819 242 858 quemque
276 806 347 846 hoc
365 809 470 859 signo
488 809 776 859 praestantiorem
791 808 1002 849 declaravit.

115 865 168 915 Y.
196 868 257 916 14.
275 869 323 907 Et
342 870 465 908 Adam
483 885 556 908 non
570 874 625 908 e'st
638 870 822 908 seductus.
873 903 878 906 .

115 926 206 968 Non
226 929 353 969 doceat
382 931 536 979 mulier,
567 934 650 982 quia
674 933 751 983 ipsa
782 931 929 972 seducta
951 931 1016 973 fuit
1034 948 1044 971 ι
1063 934 1190 973 Adam
1220 935 1311 974 νεώ

66 1008 140 1032 non
157 991 243 1043 suit
257 996 278 1032 a
300 992 467 1044 serpente
487 996 669 1034 seductus.

117 1053 230 1105 Quasi
245 1056 381 1095 diceret
398 1072 406 1095 ε
426 1055 507 1109 Ipsa
533 1062 590 1096 est
611 1063 734 1096 mente
754 1057 966 1096 imbecillior
980 1086 991 1102 ‚
1010 1065 1048 1097 et
1066 1062 1178 1100 errori
1195 1067 1313 1112 atque

60 1118 267 1170 deceptioni
290 1120 398 1158 nimis
429 1120 615 1164 obnoxia3
645 1126 684 1158 ut
711 1125 807 1170 patet
829 1133 875 1159 ex
895 1131 941 1158 eo
975 1120 1075 1171 quod
1101 1120 1202 1161 suita
1218 1135 1311 1162 set-

62 1186 173 1230 pente
195 1179 356 1220 seducta.

119 1238 207 1280 Non
225 1241 354 1280 doceat
369 1255 454 1293 ergo
471 1255 554 1281 eum
574 1242 633 1293 qui
650 1241 776 1293 vigore
794 1243 927 1281 mentis
942 1246 1085 1292 praestat
1101 1244 1134 1280 ei
1145 1270 1155 1288 ,
1170 1243 1318 1294 quique.

63 1302 271 1353 deceptioni
298 1303 416 1342 minus
443 1310 498 1343 est
515 1304 723 1343 obnoxius:
750 1309 787 1343 ut
813 1309 909 1354 patet
930 1316 978 1342 ex
1000 1316 1046 1343 eo
1065 1302 1164 1355 quod
1182 1306 1203 1342 ὲ
1221 1316 1311 1344 ser-

63 1369 174 1416 pente
190 1377 264 1404 non
286 1363 349 1405 fuit
368 1365 536 1405 seductus
550 1395 562 1415 ‚
580 1367 654 1405 imo
677 1378 746 1404 nec
762 1378 962 1417 aggressus.

480 1479 591 1507 uo'rA
623 1479 718 1507 Lt‘r‘r
724 1479 877 1507 ERALlS.

122 1556 296 1598 Peccavit
312 1565 462 1611 uterque
480 1556 599 1599 Adam
620 1566 656 1599 et
672 1556 778 1603 Eva;
799 1560 863 1598 sed
881 1560 1030 1600 adverte
1051 1561 1244 1600 discrimen
1269 1560 1316 1600 im

67 1617 268 1671 Scripturis
289 1627 475 1670 notatum,
497 1628 531 1661 et
555 1622 652 1673 quod
667 1621 728 1660 hic
747 1624 916 1672 exprimit
933 1619 1160 1673 Apostolus:

122 1683 249 1722 Adam
262 1698 335 1722 non
348 1691 402 1722 est
416 1685 586 1722 seductus
598 1713 612 1731 ,
631 1685 764 1722 mulier·
780 1692 905 1722 autem
919 1685 1086 1724 seducta.

125 1741 206 1782 Eva
235 1748 397 1796 peccavit
421 1746 594 1791 seducta,
624 1757 772 1796 serpens
792 1745 934 1796 decepit
951 1758 1033 1791 me,
1065 1742 1199 1783 credidi
1225 1757 1316 1783 set-

70 1807 169 1857 penti
187 1805 320 1846 dicenti
338 1822 348 1845 :
368 1807 613 1860 Nequaquam
630 1808 851 1847 moriemini.

126 1865 285 1918 Hocque
302 1868 469 1917 credens,
489 1870 624 1918 putavit
646 1867 706 1906 vel
723 1867 822 1919 qnod
834 1869 871 1905 in
884 1864 957 1906 Dei
974 1873 1154 1919 praeoepto
1166 1865 1317 1919 aliquod

0 1938 3 1951 ¹
72 1925 195 1964 lateret
208 1930 419 1978 mysterium
434 1956 444 1974 ‚
461 1927 518 1966 vel
539 1926 637 1978 quod
656 1928 853 1966 verborum
872 1925 941 1966 Dei
957 1939 1105 1966 sensum
1123 1939 1194 1966 nec
1210 1927 1286 1977 ipsa
1295 1955 1319 1976 ‚L

0 1980 4 2026 l
72 1998 143 2024 nec
161 1988 306 2026 maritus
326 2001 410 2027 suus
425 1995 545 2028 essent
563 1990 715 2027 assecuti
738 2003 748 2026 :

130 2041 178 2082 Et
204 2046 253 2083 ita
271 2045 438 2092 seducta,
470 2045 622 2086 fructum
651 2046 838 2098 pulchrum
857 2048 935 2086 visu
960 2053 996 2085 et
1025 2051 1129 2097 gustu
1159 2057 1317 2084 suavem

75 2102 232 2142 comedit
246 2132 256 2150 ,
279 2107 468 2158 virumque
485 2120 589 2147 suum
603 2107 786 2147 blanditiis
803 2109 875 2146 suis
889 2107 935 2147 ad
955 2106 1226 2147 comedendum
1244 2107 1314 2144 in-

55 2177 63 2180 *
79 2165 196 2204 duxit.

128 2226 218 2269 Non
230 2232 284 2270 sic
300 2228 464 2271 Adamus
480 2234 582 2283 :ipse
600 2235 700 2274 enim
717 2237 738 2273 ὲ
750 2239 921 2284 serpente
935 2232 1100 2283 nonfuit
1113 2231 1286 2270 seductus
1295 2257 1317 2276 ,

77 2290 99 2327 ὲ
113 2301 186 2340 quo
204 2304 274 2331 nec
286 2290 349 2332 suit
361 2305 567 2345 aggressu-0³5
587 2306 707 2346 neque
724 2295 834 2333 etiam
844 2292 890 2332 ab
910 2289 990 2331 Eva
1010 2292 1154 2344 proprie
1170 2288 1320 2342 decep·
1392 2288 1396 2290 ’
