1448 2540
155 94 212 128 ao
306 94 504 127 mouson
530 88 741 124 unsrun:
766 79 830 124 ἠ
848 78 1277 126 mammo

213 154 254 198 8.
277 149 332 196 Et
351 159 453 195 tunc
473 146 733 195 revelabitur
746 146 852 194 ille
836 147 1035 208 iniquus,
1054 165 1185 208 qum
1202 147 1424 222 Domina

158 220 285 268 Jesus
307 219 533 267 interficiet
551 218 702 277 spiritu
719 217 807 266 oris
833 217 900 266 sui
913 251 926 275 ,
950 229 992 266 et
1021 214 1210 267 desti-int
1229 205 1425 271 ittam-

157 293 274 339 tione
296 292 502 338 adventus
518 288 584 338 sui
604 307 720 344 eum;

213 383 252 424 9.
276 363 358 418 Cui
365 380 412 408 us
431 370 493 408 est
512 360 718 408 adventus
733 363 970 409 secundum
986 361 1282 420 operationem
1298 362 1423 410 Sata·

157 450 220 480 nae
241 434 286 480 in
305 432 423 481 omni
449 433 627 488 virtute,
669 443 711 480 et
731 433 884 494 signis,
915 443 957 481 et
975 432 1180 493 prodigiis
1199 433 1423 482 mendzci-

155 505 238 552 bus
255 540 267 561 ,
875 543 880 546 .

216 597 282 624 ro.
296 577 350 623 Et
367 576 409 622 in
424 576 545 623 omni
562 574 807 622 seductione
820 574 1059 633 iniquitatis
1067 575 1119 622 iis
1133 565 1422 634 quiperetmt':

156 652 208 695 eb
228 648 344 706 quod
361 646 610 693 charitatem
634 645 821 692 veritatis
835 662 924 692 non
943 657 1221 703 receperunt,
1239 654 1288 692 ut
1315 643 1423 692 salvi

156 722 322 767 fierent.
338 719 438 765 Ideo
467 719 605 765 mittet
624 719 709 764 illis
727 718 848 764 Deus
866 717 1158 775 operationem
1176 715 1354 772 erroris,
1375 724 1423 762 ut

156 791 331 838 credant
350 790 598 838 mendacio:

215 916 232 942 ι
245 915 278 942 ι.
299 895 361 940 Ut
378 894 623 952 judicentur
641 910 791 940 omnes
814 893 887 950 qui
910 910 999 939 non
1019 891 1293 940 crediderunt
1309 890 1425 938 veri·

154 966 257 1019 tati,
278 966 353 1013 sed
372 973 680 1012 consenserunt
703 963 929 1020 iniquitati.

217 1098 280 1124 n.
302 1081 391 1124 Nos
412 1087 554 1123 autem
579 1076 785 1122 debemus
803 1064 960 1134 gratias
987 1089 1113 1132 agere
1135 1073 1235 1119 Deo
1250 1087 1422 1130 semper

155 1164 235 1205 pro
256 1147 404 1202 vobis,
435 1147 586 1193 fratres
618 1145 763 1191 dilecti
799 1148 823 1190 ὲ
856 1145 978 1197 Deo,
1012 1142 1129 1199 quod
1151 1141 1326 1202 elegerit.
1342 1157 1421 1189 vos

155 1222 273 1266 Deus
286 1218 496 1275 primitias
518 1218 569 1262 ad
585 1216 763 1262 salutem
775 1249 787 1270 ,
808 1214 852 1260 in
867 1214 1205 1261 sanctificatione
1220 1211 1420 1271 Spiritus,

153 1299 197 1337 et
218 1289 264 1335 in
282 1290 366 1335 fide
385 1288 573 1334 veritatis
587 1323 598 1344 ‚

217 1363 282 1406 13.
304 1359 355 1405 ln
371 1361 453 1416 qua
472 1369 513 1404 et
531 1358 696 1404 vocavit
714 1373 788 1403 vos
808 1373 883 1413 per
898 1354 1178 1415 Evangelium
1195 1363 1392 1402 nostrum
1404 1387 1419 1410 ,

156 1450 202 1479 m
220 1430 544 1489 acquisitIonem
568 1428 713 1487 gtoriae
736 1427 919 1474 Domini
948 1425 1082 1474 nostri
1106 1426 1212 1474 Jesu
1243 1421 1419 1472 Christi.

214 1550 446 1608 14.1taque
464 1585 475 1604 ,
490 1549 643 1595 fratres
658 1581 671 1600 ‚
693 1556 797 1593 state
813 1581 823 1599 .
841 1556 881 1592 et
898 1555 1036 1592 tenete
1054 1543 1422 1601 traditionesque:

156 1622 363 1670 didicistis
381 1656 393 1677 ,
423 1620 511 1668 sive
550 1637 627 1678 per
659 1635 902 1665 sermonem
917 1652 929 1674 ‚
963 1616 1051 1663 sive
1082 1632 1160 1674 per
1192 1612 1421 1673 epistotam

157 1702 364 1739 nostram.

217 1764 281 1807 ι5.
301 1760 399 1816 lpse
421 1769 563 1804 autem
588 1757 806 1804 Dominus
824 1765 967 1802 noster
983 1755 1110 1802 Jesus
1132 1753 1331 1801 Christus
1345 1787 1358 1811 ‚
1377 1762 1422 1800 et

155 1831 280 1877 Deus
295 1864 307 1884 ‚
327 1840 367 1875 et
386 1829 517 1875 Pater
535 1839 679 1875 noster
698 1828 771 1885 qui
791 1827 937 1873 dilexit
958 1844 1036 1873 nos
1053 1860 1065 1883 ‚
1099 1836 1142 1872 et
1174 1825 1294 1872 dedit
1307 1839 1422 1871 eon-

156 1901 409 1948 solationem
429 1909 631 1947 aeternam
651 1910 692 1945 et
712 1916 832 1956 spem
853 1897 1012 1944 bonam
1032 1897 1078 1942 in
1097 1894 1255 1957 gratia:
1446 1942 1448 1944 .

214 1974 279 2018 ιδ.
303 1970 559 2016 Exhortetur
577 1969 707 2015 corda
727 1979 866 2015 vestra
882 2002 894 2024 ‚
912 1977 955 2014 et
981 1967 1209 2013 confirmet
1223 1963 1282 2022 ,ἰιι
1299 1961 1422 2012 omni

157 2057 288 2100 opere
305 2051 347 2088 et
363 2058 569 2088 sermone
586 2041 715 2087 bono.
