1448 2540
0 0 7 82 ,ξ
388 49 565 90 mnu
593 8 1344 89 ammo.cap.11i.5=

130 109 311 169 Utraque
325 108 519 162 explicatio
546 114 584 148 et
609 106 736 148 litterae
756 110 956 156 convenit,
974 114 1015 148 et
1039 108 1155 148 menti
1173 103 1348 182 Apostoli

94 164 296 217 nousonnis
311 179 380 215 est.

148 236 272 285 Prima
290 236 440 290 quidem
458 235 507 276 de
523 232 668 276 Jndaeis
702 248 789 275 vera
810 240 886 285 est,
914 236 975 289 qui
998 203 1120 274 andita
1133 233 1223 275 fidei
1246 247 1348 287 prae-

97 299 282 340 illatione
310 296 462 338 credere
494 295 712 344 noluerunt,
742 295 838 336 s‘ed
828 310 866 335 m
890 296 953 336 sua
973 295 1187 337 infidelitate
1210 297 1351 348 persti-

95 365 326 463 terg'ebunda
340 424 429 462 vert)
446 421 494 460 de
512 421 777 472 judaizantibus
795 426 832 460 et
845 419 921 460 aliis
939 420 1121 461 haereticis
1135 422 1219 474 qui,
1240 419 1355 471 cbris-

98 484 305 523 tianismum
324 483 559 536 profitentes,
581 496 658 522 non
674 489 759 523 sunt
776 489 898 522 tamen
919 486 1007 522 vere
1023 482 1150 523 fideles
1163 488 1202 523 et
1215 478 1352 523 Chris-

106 548 215 595 tiani.

155 606 231 649 Sed
251 608 350 648 unde
363 607 457 649 boc.
449 609 465 638 Ρ
484 623 529 648 an
545 613 566 648 ὲ
585 607 700 650 Deo?
721 616 758 650 et
776 609 927 662 quidem
945 613 1119 662 quantum
1140 616 1195 650 est
1214 623 1263 650 ex
1286 623 1356 658 se,
1383 669 1391 673 ⁸

102 672 293 710 illumian:
311 684 458 708 omnem
483 671 697 718 hominem,
722 679 792 712 etc,
811 685 943 712 omnes
970 674 1101 726 quibus
1125 674 1356 713 annuntiatur

102 729 346 784 Evangelium
365 738 471 772 vocat
490 733 536 771 ad
551 732 678 772 fidem.
695 731 808 773 Unde
827 735 942 786 ergo?

157 791 219 833 Ex
244 793 434 833 hominum
449 794 670 842 rebellione,
691 797 835 835 vocanti
866 793 949 836 Deo
974 797 1188 841 resistente;
1217 808 1267 836 ex
1283 794 1357 835 ho-

104 857 245 897 minum
263 855 441 895 obstinata}
467 855 624 908 matitia,
645 858 815 898 tenebras
844 857 913 897 luci
934 857 1172 910 p'raeferentc‚
1196 859 1359 909 vitiaque

106 919 243 958 virtuti.

160 977 353 1018 Tenebras
368 986 405 1019 et
422 980 653 1043 tenebrarum
669 989 789 1021 amant
807 995 950 1034 opera:
970 980 1059 1021 hinc
1080 979 1273 1036 Evangelii
1293 982 1360 1024 lu-

108 1055 191 1081 cem
210 1048 247 1080 et
263 1044 492 1081 sanctitatem
509 1030 744 1084 reformidant
761 1051 799 1084 et
816 1044 1006 1096 repellunt.

162 1103 209 1145 In
226 1107 324 1145 vitiis
346 1113 418 1144 et·
409 1108 713 1157 concupiscentiis
732 1109 806 1147 suis
827 1109 897 1146 sibi
919 1108 1088 1159 placent:
1114 1107 1202 1148 hinc
1222 1105 1362 1148 Evan-

103 1168 240 1220 gelium
256 1198 268 1218 ‚
287 1170 375 1208 vitia
391 1168 593 1220 prohibens
619 1175 654 1209 et
679 1173 992 1222 concupiscentias
1010 1172 1208 1222 reprimere
1227 1172 1362 1223 praei-

109 1233 233 1284 piens,
256 1230 422 1271 oderunt.

167 1289 243 1341 Qui
262 1294 300 1331 in
314 1294 412 1331 vitiis
430 1291 502 1332 sibi
525 1293 664 1346 placent
681 1307 756 1334 non
775 1292 921 1333 credent
939 1295 1067 1343 nobis,
1084 1296 1226 1334 etiamsi
1241 1294 1360 1344 §olem

109 1354 277 1393 manibus
297 1361 482 1405 gestemus
496 1383 508 1403 ‚
533 1357 582 1394 ait
602 1353 832 1403 Lactantius,
855 1358 874 1393 ἐι
898 1352 1029 1395 Grotio
1045 1358 1182 1396 citatus.

166 1412 289 1465 Quam
316 1418 448 1455 merito
480 1419 600 1469 itaque
629 1415 795 1469 Christus
824 1416 913 1457 dixit
939 1434 949 1457 :
982 1417 1070 1456 Huc
1095 1426 1151 1458 est
1167 1417 1363 1470 judicium

112 1477 262 1524 mundi,
283 1480 372 1529 quia
396 1478 604 1525 dilexerunt
624 1479 791 1518 homines
816 1484 935 1531 magis
960 1482 1128 1520 tenebras
1155 1483 1270 1534 qut‘zm
1292 1481 1362 1519 lu-

113 1553 207 1579 cem.

168 1598 290 1650 Quem
311 1602 404 1651 juste
425 1602 564 1644 dictum
588 1611 644 1644 est
662 1604 744 1644 alibi
768 1619 777 1643 ε
802 1603 965 1642 perditio
985 1611 1051 1642 tua
1073 1619 1122 1642 ex
1143 1610 1202 1652 te,
1228 1603 1366 1642 Ismel.

113 1661 218 1705 Osee
247 1661 309 1704 13.
331 1678 372 1718 9.
417 1655 437 1676 ‘

165 1722 211 1772 fi.
231 1725 270 1766 3.
289 1727 428 1766 Fidelss
442 1733 567 1765 autem
593 1726 694 1764 Deus
711 1732 817 1765 est....
840 1727 938 1777 quasi
956 1726 1094 1767 diceret
1116 1743 1125 1766 z

166 1787 273 1831 Licet
283 1819 296 1840 ‚
312 1798 352 1831 ut
362 1791 449 1831 dico
459 1820 471 1838 ‚
486 1792 578 1831 fides
593 1798 766 1831 externos
786 1796 820 1829 et
841 1789 1060 1831 domesticos
1073 1792 1206 1832 habeat
1217 1791 1359 1843 hostes,

110 1847 260 1891 Judaeos
274 1850 410 1890 scilicet
426 1856 463 1891 et
479 1849 692 1901 haeretic05‚
705 1865 754 1891 ne
771 1858 962 1905 propterea
978 1853 1195 1900 turbemini,
1212 1865 1283 1892 nec
1296 1867 1364 1893 eos

111 1913 281 1952 timeatis.

166 1973 308 2012 Fidelis
325 1981 450 2013 autem
469 1975 566 2014 Deus
582 1982 652 2023 est,
662 1975 700 2015 id
712 1982 780 2024 est,
788 1973 903 2025 Deus,
917 1978 976 2028 qni
993 1977 1144 2017 rebelles
1155 1984 1189 2018 et
1203 1978 1364 2029 ingratos

110 2037 151 2075 in
164 2037 227 2076 suri
241 2036 414 2090 relinquit
427 2039 671 2080 obstinatione
686 2046 723 2080 et
738 2040 883 2090 malitie,
896 2054 980 2106 suos
996 2041 1121 2082 fideles
1137 2049 1174 2083 et
1189 2043 1260 2082 sibi
1274 2042 1363 2082 obe·

118 2095 264 2136 dientes
282 2104 404 2137 servat
421 2104 457 2138 et
478 2102 647 2150 protegit.

169 2153 249 2195 Vos
265 2170 354 2209 ergo
369 2160 421 2198 eie
438 2160 699 2200 confirmabit
688 2175 724 2200 m
747 2159 819 2200 fide
842 2160 962 2209 (sicut
983 2161 1206 2212 oravimus),
1229 2169 1362 2202 utnon

113 2220 399 2321 concgtiaminh
421 2235 563 2275 vosque
579 2225 626 2263 ita
645 2230 831 2277 proteget,
851 2231 890 2265 ut
908 2237 984 2264 non
998 2231 1123 2264 contra
1135 2237 1204 2265 vos
1221 2237 1363 2277 prava·

111 2280 181 2321 leat
227 2287 362 2324 atanae.
