1448 2540
0 0 100 94 f.
159 0 197 36 -.

0 94 10 129 i

356 66 544 110 {tumn
546 67 779 98 nmsmo.
807 53 902 109 Gap.
923 51 1029 98 '1211-
1238 50 1322 99 133

0 131 4 158 ἓ·
63 133 173 187 lnge,
192 135 276 184 post
288 125 556 170 ordinationem
579 127 815 171 abstinebant
829 128 877 167 ab
892 137 969 167 usu
977 120 1141 178 conjugii
1151 154 1164 175 .
1182 127 1321 168 obm-

0 203 5 206 ·
69 194 222 247 gelisam
237 192 426 245 puritatem
440 187 477 226 in
497 186 686 228 sacerdote
701 191 938 242 requisitam,
952 194 1002 229 ut
1007 185 1158 228 Christo
1172 195 1271 230 totus
1284 191 1324 230 et

69 253 247 298 Ecclmae
263 257 385 291 vacet.

125 315 171 364 td
195 315 307 356 docet
336 311 387 354 D.
410 307 559 363 Epiph.
595 309 728 352 haeres.
763 309 829 367 59.
863 323 945 365 quae
981 318 1038 353 est
1067 310 1326 355 catharum.

69 380 122 424 D.
140 377 336 433 Chrysost.
360 375 410 417 D.
432 373 675 429 Hieronym„
696 376 759 416 lib.
793 392 839 426 1,
864 384 992 417 contra
1013 375 1268 429 Vigilantiam

122 438 218 482 Cum
234 437 374 480 Graeeis
405 443 525 476 tamen
540 464 552 484 ‚
576 437 625 475 ob
644 438 946 477 incontinentiam
958 466 969 485 ‚
989 438 1172 478 induitum
1191 438 1294 479 suit
1282 454 1327 480 in

70 501 244 544 Truuans
263 500 407 554 synodo
422 529 432 545 ‚
451 512 562 540 anno
590 501 732 540 circiter
765 512 846 553 700
860 530 871 548 ‚
896 507 936 541 ut
962 503 1160 551 uxoribus,
1183 506 1214 542 si
1236 503 1331 556 qua‘s

0 562 10 590 :
73 572 157 605 ante
177 570 367 616 susceptos
386 562 533 601 ordines
549 560 740 603 duxissent
755 593 765 610 ,
785 565 838 604 uti
862 571 1028 616 possent.

128 624 177 666 Et
195 627 275 666 iicet
288 628 333 665 sit
356 625 488 663 abusus
508 631 636 663 contra
653 638 812 666 canones
829 627 1011 678 antiquos,
1033 626 1200 666 inductus
1216 629 1236 667 {1
1253 640 1329 678 sy·-

71 688 173 728 nodo
190 700 266 727 non
296 686 453 736 tegitima
467 715 477 731 ‚
495 698 592 724 nunc
620 692 743 726 tamen
758 716 769 733 ‚
795 689 879 739 q'uia
898 687 1044 728 inolitus
1064 716 1076 738 ,
1103 690 1201 741 pacis
1219 681 1330 729 eausa

4 739 13 782 ,³
73 750 242 798 toleratur
259 748 304 788 ab
326 745 503 787 Ecclesia.
520 745 617 786 Vide
634 745 782 788 Coi-nel.
806 753 825 789 a
840 747 996 800 Lapide-

127 810 329 863 Nunquam
350 812 439 849 vero
464 811 678 860 permissum
699 809 766 850 suit
785 811 953 851 ordinato
975 825 1131 852 uxorem
1164 812 1211 852 de
1226 825 1336 852 novo

79 875 227 914 ducere.

131 935 324 974 Subrium.
341 932 423 987 Syr.
437 934 658 985 vigilantem.
670 932 717 975 D.
729 932 1015 988 Chrysostomus
1028 952 1037 975 t
1050 939 1211 978 sobrium
1221 945 1334 990 atqve

81 997 319 1048 vigilantem;
358 1009 443 1039 seu,
474 1002 512 1034 ut
540 997 611 1041 ait,
637 995 830 1035 ctarisaims
857 999 988 1037 mentis
1005 1000 1082 1038 acie
1109 1000 1300 1051 praeditum
1316 1030 1334 1050 ‚

87 1062 369 1108 innumerosque
401 1057 599 1096 habentem
618 1059 719 1096 omni
746 1070 793 1096 ex
818 1065 922 1110 parte
951 1061 1075 1100 ocutos
1095 1063 1227 1114 quibus
1240 1072 1334 1102 acu·-

6 1111 13 1160 ss
86 1122 224 1161 tissime
239 1122 364 1159 omnia
383 1121 588 1171 prospiciat.
603 1116 906 1172 ChrysostomuS.
925 1118 1083 1161 Acutum
1100 1151 1111 1169 ,
1146 1126 1338 1176 perspica-

88 1197 168 1224 cem
187 1212 197 1229 ‚
222 1181 416 1226 solertem,
440 1194 585 1231 semper
601 1180 912 1232 expergefactum.
937 1180 1260 1235 Theophylactus.

145 1240 296 1283 Nomen
313 1252 469 1294 graecum
483 1271 495 1292 ‚
518 1250 709 1289 nomer,
729 1242 907 1293 significat
928 1249 964 1282 et
983 1245 1146 1284 sobrium
1177 1252 1212 1285 ct
1232 1248 1340 1299 vigi·

87 1304 238 1344 lentem.

146 1363 295 1405 Revera.
312 1365 489 1405 sobrietas
507 1372 560 1405 est
580 1365 774 1418 vigilantiae
789 1373 917 1406 mater.

146 1426 181 1467 V
185 1428 242 1478 igit
274 1441 353 1467 esse
385 1428 494 1467 debet
524 1431 642 1467 omnis
669 1431 875 1479 inspectum
907 1437 943 1469 et
978 1433 1079 1471 tanto
1106 1431 1342 1482 vigiiantior,

95 1494 231 1540 quanto
245 1490 467 1540 pretiosioris
489 1492 540 1528 rei
561 1491 744 1540 inspector
762 1496 816 1528 est
838 1497 873 1529 et
902 1498 1036 1530 custos.

151 1547 297 1599 Quanta
309 1563 396 1600 ergo
412 1549 594 1600 vigilantia
614 1551 749 1603 pollere
764 1550 875 1590 debet
890 1558 1034 1592 aeternae
1050 1553 1173 1592 salutis
1190 1555 1344 1592 anima-

96 1626 174 1652 rum
196 1613 401 1663 inspector!
894 1624 901 1629 ·

151 1673 296 1715 Omnes
318 1675 406 1714 alios
423 1675 534 1715 duces
555 1675 737 1715 exercitiis
757 1682 792 1715 et
811 1684 1009 1717 castrorum
1029 1677 1266 1718 sollicitudine
1284 1684 1346 1718 at·

99 1750 170 1788 que
188 1737 361 1776 industria}
379 1747 547 1789 superet,
568 1741 615 1778 ait
642 1738 688 1778 D.
716 1736 905 1791 Chrysost.

153 1797 196 1839 In
218 1797 369 1851 Apocai.
389 1803 579 1852 episi-opus
601 1801 728 1840 dicitur
743 1801 907 1852 angelus,
934 1804 1015 1855 quia
1028 1831 1039 1849 ‚
1059 1805 1148 1843 sicut
1165 1802 1347 1854 angehs,

101 1860 211 1899 debet
228 1874 310 1900 esse
327 1874 471 1912 semper
490 1861 595 1912 vigil,
617 1875 764 1913 semper
780 1861 826 1901 ad
845 1861 1005 1902 officium
1022 1869 1190 1903 attentus.

157 1918 208 1959 Ut
229 1926 347 1961 autem
367 1925 409 1961 sit
427 1921 510 1973 vigil
523 1951 534 1968 ‚
562 1924 609 1961 sit
627 1924 793 1962 sobrius:
826 1925 885 1976 qui
909 1936 1034 1975 parcus
1050 1931 1108 1964 est
1125 1927 1163 1964 in
1179 1926 1287 1975 cibo,
1306 1931 1347 1964 ct

102 1987 139 2024 in
159 1997 290 2024 somno
308 1998 432 2036 parcus
450 1992 518 2025 est.

155 2042 394 2084 Prudentem.
414 2044 497 2099 Syr.
521 2053 558 2086 et
578 2044 694 2087 Arab.
715 2055 874 2096 castum,
890 2049 1076 2101 pudicum.

159 2102 226 2144 Gr.
248 2103 427 2156 σώφρονα,
446 2108 544 2159 quod
562 2111 735 2160 significat
761 2117 963 2164 utrumque.
1021 2126 1028 2130 ·

162 2166 264 2207 Hinc
282 2176 403 2209 noster
422 2173 598 2223 interpres
614 2179 651 2212 et
673 2173 890 2224 prudentem
907 2177 1024 2226 posuit
1043 2181 1079 2214 et
1097 2173 1280 2226 pudicum.
1297 2174 1350 2211 ait

98 2227 304 2282 >Gagnaeus.

163 2289 240 2331 Ars
258 2293 409 2340 artium,
428 2292 577 2332 scientia
603 2297 835 2335 scientiarum
858 2295 947 2336 mibi
970 2310 1050 2336 esse
1066 2295 1209 2336 videtur
1224 2294 1356 2338 homi·
