1448 2540
37 63 42 69 ,
365 27 550 61 m
570 6 796 62 mosrrro.
818 14 1007 72 Gap.11.
1253 21 1310 78 39

21 111 30 116 „
104 89 207 134 Nota
225 89 317 132 his·
303 103 346 131 m
361 71 484 151 verbis
502 89 621 130 varias
633 88 1026 135 Thessalonicensium
1042 102 1129 132 cum
1141 91 1309 137 infideli-2

19 173 29 206 ς’Ἰ
52 153 126 195 hus
140 153 403 208 oppositiones.

22 216 25 219 '
108 210 292 257 Pefflnmt
308 210 378 250 illi.
395 225 464 251 vos
481 217 604 252 autem
622 212 732 265 elegit
751 210 857 255 Deus
878 211 926 252 ad
943 210 1114 255 satutem.

109 271 378 315 Judioebuntur
400 272 448 312 illi
465 279 503 312 et
518 272 800 325 damnabuntur,
822 274 904 327 quia
919 274 1061 314 veritati
1082 284 1162 318 non
1181 277 1309 320 credi-

10 359 12 362 >
53 337 215 387 dsunt,
233 337 300 377 sed
321 337 499 389 iniquitati
526 344 899 378 consenseruntxvos
933 340 1023 377 vero
1054 338 1308 394 salvabimini,

51 398 142 452 quia
153 399 299 439 veritati
313 397 514 437 credidistis
534 404 574 437 et
591 400 770 438 sanctitati
786 397 984 438 studuistis·

8 469 33 508 ².
110 458 163 501 Et
173 461 224 501 ob
235 459 488 500 hocdebemus
500 475 583 508 nos,
600 459 771 501 afortiori
788 467 825 501 et
842 473 909 503 vos
920 489 931 510 ‚
951 461 1028 500 Deo
1042 476 1186 514 semper
1201 477 1310 515 agere

5 526 11 548 ἑ
50 523 221 574 gratian·
233 520 306 561 hoc
323 524 424 562 enim
442 520 515 562 Dei
532 522 672 563 donum
688 528 759 563 est.

10 595 13 597 ’
111 582 267 625 Donum
283 585 383 637 quod
398 598 466 625 vos
487 585 635 636 dilexit,
654 586 754 640 quod
774 585 905 638 elegit,
929 586 1047 639 quod,
1068 589 1169 640 quasi
1188 590 1311 640 primi-

5 694 20 701 >⁴
54 647 124 687 fias
140 648 398 687 salvandorum
411 678 423 698 ,
443 648 579 700 elegit,
599 649 698 702 quod
715 649 975 700 sanctificavit,
991 664 1070 690 non
1086 663 1153 702 per
1169 663 1283 704 opera
1294 680 1311 703 ‚

4 726 6 728 ’
24 711 125 751 sed
141 724 209 763 per
223 710 336 751 fidem
352 714 512 751 veritatis
531 726 639 764 quam
659 712 759 752 dedit
781 715 860 766 ipse
874 715 996 755 vobis.

112 768 212 813 Vide
231 772 418 824 quomodo
437 773 527 813 nihil
546 773 706 814 ostendit
723 788 803 815 esse
819 789 947 815 eorum
962 805 973 824 ‚
993 775 1062 816 sed
1078 781 1194 816 totum
1211 773 1311 820 Dei,

7 830 32 856 '³
54 833 110 872 ait
122 829 164 872 S.
179 830 478 887 Chrysostomus.

8 902 26 947 ι.Ξ
111 891 215 936 Vide
230 909 319 947 ergo
334 903 372 936 et
385 903 446 946 tu,
467 896 490 937 ὃ
510 894 722 938 Christiane
735 927 748 948 ,
769 893 833 951 qui
852 898 923 938 tale
954 898 1095 938 donum
1116 900 1311 951 recepisti,

26 969 30 972 ’
53 954 183 1007 quales
198 955 334 995 debeas
352 963 388 996 et
409 956 492 997 Deo
510 961 638 1010 gratias
654 973 775 1010 agere.

18 1034 26 1062 „-
113 1015 159 1062 Ῡ.
183 1016 244 1056 13.
263 1018 310 1055 In
331 1018 404 1068 qud
426 1026 462 1056 et
487 1021 639 1058 vocavit
665 1036 744 1062 vos.
769 1019 838 1063 Gr.
855 1024 894 1062 in
915 1022 1026 1076 qnod.
1044 1020 1128 1076 Syr.
1145 1021 1185 1062 'm
1208 1034 1315 1075 quae,

12 1078 197 1133 {scilicet
210 1109 223 1130 ‚
248 1082 285 1118 in
306 1092 348 1118 ea
367 1079 416 1118 de
435 1082 566 1131 quibus
586 1084 707 1133 supra.

113 1139 215 1183 cum
234 1148 358 1182 nostro
377 1144 598 1197 interprete:
615 1146 653 1183 in
672 1159 779 1197 quam
802 1145 916 1185 fidem
938 1151 974 1184 et
996 1148 1224 1186 sanctitatem
1244 1160 1316 1188 vo-

18 1199 39 1262 ss
55 1209 160 1248 cavit
176 1214 215 1248 et
232 1209 382 1248 adduxit
405 1223 474 1249 vos
494 1207 611 1249 Deus.

117 1271 196 1311 Pee-
217 1272 458 1323 Eowzgelium
485 1279 667 1323 nostrum,
699 1274 739 1314 id
764 1280 841 1325 est,
869 1287 936 1327 per
955 1280 1120 1314 nostrum
1140 1277 1315 1317 ministe-

20 1335 46 1383 ἐξ»
58 1337 171 1378 tium.

114 1396 218 1441 Eece
236 1400 399 1440 medium
415 1429 425 1450 ,
449 1401 659 1454 praedicatio
678 1398 798 1440 Pauli.

27 1463 54 1515 ‘⁸‘
115 1465 170 1504 In
185 1467 466 1518 acquisitionem
493 1468 621 1516 glorioe
649 1467 807 1506 Domini
827 1467 946 1505 nostri
975 1466 1065 1506 Jesu
1100 1466 1255 1517 Christi,
1278 1469 1317 1509 id

22 1521 32 1566 ἶ
60 1533 121 1568 est
133 1556 146 1577 ,
163 1533 206 1567 ut
220 1529 410 1581 acquiratis
426 1528 614 1569 coelestem
636 1529 786 1581 gloriam
800 1558 812 1579 ,
836 1543 945 1581 quam
967 1531 1130 1583 possidet
1148 1530 1315 1573 Christus

24 1600 31 1606 ·’
61 1586 249 1630 Dominus
267 1591 305 1628 in
322 1588 437 1629 coelis.

1 1644 6 1648 ⁵
115 1650 215 1701 seu,
230 1654 324 1692 sicut
340 1655 448 1692 vertit
464 1651 602 1705 Syrus,
619 1661 657 1693 ut
674 1654 796 1693 decori
808 1655 887 1693 sitis
903 1651 1069 1695 Domino
1082 1664 1208 1698 nostro
1223 1654 1319 1698 Jesu

28 1710 237 1765 &chriam
260 1715 299 1754 id
319 1722 392 1763 est,
416 1722 454 1755 ut
475 1729 540 1767 per
558 1730 625 1755 vos
651 1715 817 1755 laudetur
836 1722 874 1755 et
898 1716 1050 1767 gloriam
1078 1725 1319 1771 consequatur

60 1772 249 1818 Dominus
263 1784 386 1816 noster
405 1774 431 1816 J
435 1792 516 1818 esus
534 1775 714 1819 Christus·

114 1834 193 1878 Seu
208 1867 221 1888 ‚
250 1844 289 1877 ut
329 1839 406 1877 sitis
436 1840 648 1890 acquisitio,
681 1837 743 1878 vel
771 1838 923 1890 populus
963 1841 1155 1892 acquisitus
1192 1841 1315 1893 gloriae

0 1946 1 1949 Ἴ
34 1855 216 1948 {fluisti-

33 1967 52 2015 ῖς,
117 1948 242 2000 Adest
258 1959 340 1999 finis
362 1965 399 1999 et
417 1957 490 1999 Dei
508 1961 676 1999 vocantis
693 1966 731 2000 et
750 1957 853 1999 Pauli
867 1960 1107 2012 praedicantis.

33 2018 53 2071 ξΞ
110 2020 210 2062 Hoc
229 2036 337 2062 sensu
357 2022 448 2062 dixit
465 2023 550 2063 alibi
570 2020 729 2063 Paulus.
745 2023 878 2076 Empti
902 2025 991 2064 estis
1013 2026 1130 2077 prelio
1159 2038 1311 2075 magno,

34 2071 122 2123 ἒ31ιί
134 2084 270 2124 scilicet
286 2087 491 2136 sanguinis,
503 2084 804 2136 glorfimteergo
814 2085 953 2133 Deam,-
968 2087 1080 2139 ipsius
1098 2088 1164 2126 toti
1186 2091 1314 2126 estote.

122 2141 212 2183 Hoc
225 2157 334 2187 sensu
349 2143 399 2184 D.
418 2142 518 2185 Petr.
543 2147 670 2198 primae
695 2147 803 2198 epist.
833 2161 871 2185 2.
887 2159 928 2200 9.
939 2175 950 2197 ,
968 2159 1143 2187 vocamur
1154 2146 1316 2197 populus

54 2221 57 2227 ·
80 2260 82 2266 k
138 2207 337 2258 uisitionis,
368 2207 407 2248 id
431 2217 510 2262 est,
542 2207 680 2252 Christi
709 2211 915 2264 possessio,
936 2212 1014 2263 ejus
1035 2212 1211 2262 sanguine
1242 2223 1313 2252 ac·-

120 2272 130 2280 ’
153 2273 214 2312 la·
