1462 2540
337 92 525 128 nm*
536 64 887 136 mserum-Grpe
905 84 964 125 11.
1178 82 1281 140 '339

364 306 581 355 CAPUT
609 306 971 353 SECUNDUM.

123 186 130 192 2
108 20 133 39 ,ζ’

534 442 803 496 Pamphrasts.

6 562 30 668 ζ
48 543 267 616 Faunus
295 574 431 614 docent
458 572 536 619 illi;
558 579 596 613 tu
616 578 736 612 autern
762 571 933 626 populum
960 578 1064 612 tuum
1092 572 1185 614 doce
1211 587 1294 626 quae

17 650 144 678 sanae
168 637 344 678 doctrinae
367 643 450 676 sunt
462 642 703 676 consentanea
725 635 786 685 (et
802 650 931 676 eorum
946 636 1110 675 moribus
1124 637 1291 677 sanctifi-

51 701 176 742 caudis
190 699 468 748 accommoda).

14 775 31 807 3Ἰ
104 759 222 802 Senes
243 761 387 801 hortare
401 767 439 800 nt
455 761 526 799 sint
545 761 683 807 sobrii,
707 758 851 812 pudici,
869 759 1087 813 prudentes,
1108 761 1237 800 sinceri
1258 761 1296 800 in

53 825 153 876 fide,
173 827 211 864 in
226 824 419 865 dilectione
434 829 471 863 et
493 825 531 862 in
546 822 731 873 patientia.

109 906 271 949 Hortare
285 907 447 948 similiter
460 920 550 947 anns
561 914 602 946 ut
615 910 688 946 sint
699 909 739 947 in
748 907 873 948 habitu
883 915 1008 948 sancto
1020 939 1032 958 ,
1063 923 1128 949 seu
1146 908 1300 949 externa

17 966 219 1025 ''Tcorporis
249 972 633 1024 compositione,quae
660 973 887 1011 sanctitatem
911 972 1092 1019 redoleat;
1125 986 1200 1013 non
1227 975 1302 1013 sint

20 1039 24 1046 '
57 1035 361 1084 calumniatrices,
400 1048 476 1074 non
504 1034 676 1084 bibaces,
712 1033 779 1073 sed
803 1041 899 1073 recta
944 1037 1018 1075 suis
1047 1036 1225 1087 exemplIs
1264 1042 1303 1077 et

30 1087 181 1139 iverbis
195 1099 384 1139 docentes.

18 1118 44 1222 ἐξ
115 1158 415 1201 Adolescentulas
431 1161 537 1211 igitur
556 1171 705 1199 omnem
722 1172 788 1198 sno
804 1161 928 1205 sexui,
948 1165 983 1199 et
1001 1161 1119 1207 aetati,
1143 1166 1179 1199 et
1199 1163 1304 1201 statui

20 1247 25 1251 -
34 1223 346 1264 convenientem
367 1223 580 1272 sapientiam
606 1219 784 1268 doceant,
807 1221 967 1270 scilicet,
989 1228 1029 1261 ut
1050 1235 1135 1261 suos
1158 1225 1305 1263 maritos

62 1288 208 1330 ament,
230 1295 389 1333 suosque
403 1281 494 1321 filios
511 1280 673 1330 diligant.

116 1341 171 1383 Ut
186 1346 258 1383 sint
275 1343 494 1395 prudentes,
515 1349 646 1390 castae,
663 1341 818 1386 sobriae,
842 1339 942 1380 domi
958 1342 1135 1389 assiduae,
1156 1351 1329 1395 remqne'

19 1389 301 1450 {domesticam
313 1410 502 1453 curantes,
515 1403 621 1441 mites
639 1408 674 1440 et
691 1402 864 1450 benignae
877 1413 961 1450 erga
976 1400 1210 1451 domesticos,
1221 1406 1309 1444 viris

21 1455 50 1517 ζ
65 1468 138 1506 suis
166 1466 345 1512 subditae;
370 1479 419 1504 ne
449 1471 596 1516 propter
614 1477 675 1503 eas
706 1462 801 1502 male
819 1462 939 1502 audiat
956 1460 1197 1515 Evangelium
1212 1466 1310 1517 apud

26 1527 50 1577 ris
65 1523 247 1565 infideles.

25 1581 45 1607 ’ἶ
118 1598 294 1640 Similiter
310 1598 456 1637 hortare
470 1598 621 1646 juvenes
642 1603 680 1636 ut
699 1602 941 1648 temperantes
957 1598 1028 1636 sint
1042 1603 1080 1636 et
1094 1598 1219 1639 sobrii.

120 1684 167 1726 In
182 1686 352 1726 omnibus
364 1688 594 1737 temetipsum
608 1685 730 1736 praebe
742 1683 927 1736 exemplar
940 1685 1119 1725 bonorum
1132 1699 1283 1739 operum
1301 1704 1312 1728 t

66 1747 106 1784 in
121 1745 284 1785 doctrina
296 1775 309 1795 ‚
328 1739 559 1797 docendique
572 1744 707 1794 modo,
731 1746 769 1783 in
787 1747 940 1797 puritate
958 1746 1066 1796 vitae,
1082 1747 1119 1784 in
1138 1749 1313 1798 gravitate

69 1809 373 1848 conversationis.

44 1873 53 1902 ,³
122 1879 253 1922 Sermo
270 1888 353 1921 tuus
377 1880 466 1921 nihil
487 1882 640 1921 noxium
667 1882 878 1929 contineat,
899 1879 1062 1933 nihilque
1084 1884 1182 1935 quod
1198 1890 1314 1937 possit

57 1943 302 2002 ,reprehende
322 1950 362 1983 ut
374 1943 600 1983 adversarius
615 1942 772 1994 pudefiat
782 1972 795 1993 ‚
814 1944 897 1981 etun
918 1942 1007 1983 nihil
1022 1946 1134 1995 possit
1149 1948 1188 1986 in
1203 1949 1312 1990 nobis

69 2005 352 2058 reprehendere.

123 2104 259 2147 Servos
271 2107 417 2148 hortare
432 2115 471 2148 ut
488 2108 647 2149 dominis
662 2111 736 2149 suis
753 2109 888 2149 subditi
904 2109 997 2158 sint,
1018 2108 1156 2162 illisque
1172 2114 1211 2152 in
1228 2127 1313 2154 om·

40 2169 177 2256 3311ibus
208 2168 350 2221 plaoere
375 2169 566 2222 studeant,
604 2183 683 2211 non
711 2169 980 2223 respondeant,
1015 2183 1136 2223 neque
1163 2174 1202 2212 in
1233 2174 1318 2216 illos

41 2232 275 2280 “mussitent.

38 2295 71 2378 ἷῑ
125 2316 231 2359 Nihil
245 2317 368 2359 furum
388 2317 577 2361 detraham
588 2333 600 2368 ;
620 2318 686 2360 sed
698 2321 769 2362 sint
787 2321 826 2362 in
845 2321 1016 2363 omnibus
1028 2321 1175 2378 fideres,
1197 2331 1236 2368 ut
1249 2323 1314 2370 sua
