1448 2540
433 124 619 155 utrm
645 124 881 155 meost-tro·
904 111 1002 170 Cap.
1031 108 1099 153 ΙΙ.
1326 123 1383 166 ²9

176 167 352 245 Quandiu
372 183 473 222 enim
491 177 600 223 suerit
615 189 735 223 metus
755 178 890 232 hujus
878 184 1045 235 imperii,
1062 195 1175 222 nemo
1193 183 1267 223 cito
1284 179 1382 222 sub-

115 235 319 298 jungetur:
335 243 483 297 quando
506 251 628 284 autem
642 244 716 284 hoc
731 243 839 284 suerit
856 258 1051 294 eversum,
1070 257 1205 285 vacans
1225 243 1380 284 invadet

116 309 335 360 imperium,
351 305 619 358 hominumque
633 313 670 346 et
685 304 760 346 Dei
789 308 985 358 imperium
1000 306 1234 358 aggredietur
1250 318 1377 359 agere.

117 367 423 422 chrysostomus.
1399 381 1418 392 ²

171 428 249 470 Sed
262 460 273 479 ‚
287 437 326 470 ut
343 429 480 469 dictum
490 435 546 468 est
559 431 667 481 supra
680 457 691 476 ‚
711 422 758 470 5.
774 428 813 468 3.
828 426 907 481 ipss
918 442 1015 468 nunc
1030 427 1257 480 experientia
1273 434 1373 481 patet

117 490 156 530 id
171 491 274 543 paulo
292 490 394 529 aliter
408 489 683 541 intelligendum
699 491 896 530 :nimirum
909 489 956 528 de
972 491 1128 542 imperio
1143 519 1153 539 ,
1174 503 1251 529 non
1266 496 1369 530 tem-

118 552 231 605 porali
252 554 392 592 tantum
405 581 416 599 ,
442 552 509 591 sed
525 558 563 592 et
576 551 747 604 spirituali
760 565 825 603 per
839 551 966 591 fidem.

172 611 300 667 Itaque
315 643 326 662 ,
359 612 594 652 conformiter
623 613 670 652 ad
698 614 942 666 praecedentia
956 643 968 663 ,
1002 613 1200 653 dicendum
1218 613 1317 665 quod
1331 616 1365 654 si

117 677 293 717 discessio
311 678 332 714 a
360 673 460 725 fide,
491 684 556 716 seu
587 676 740 715 celebris
758 689 886 728 regum
902 679 923 716 a
950 675 1023 715 fide
1040 678 1223 726 apostasia
1253 676 1371 716 debet

92 758 94 760 ·
116 735 386 780 Antichristum
406 737 639 789 praecedere,
658 745 696 778 et
722 741 755 778 ei
773 741 872 778 viam
891 752 1109 792 praeparare3
1132 739 1358 788 dicendum,

92 803 289 854 ·inquam,
333 800 434 852 quod
462 800 555 840 fides
575 800 780 851 catholica,
811 801 1027 854 publicaque
1053 802 1143 842 illius
1167 801 1369 853 professio,

115 877 243 915 regum
255 869 290 902 et
305 876 500 914 regnorum
514 876 596 914 erga
608 869 768 902 sanctam
780 877 968 903 romanam
979 862 1181 903 Ecclesiam
1192 877 1367 904 reveren·

116 928 167 966 tia
183 927 431 967 et'submissio
450 955 461 973 ,
491 927 537 965 sit
558 926 785 966 obstaculum
805 925 904 978 quod
930 923 1198 966 Antichristum
1224 926 1365 966 detinet

119 987 271 1037 ejusque
283 986 440 1025 retardat
457 986 671 1026 adventum.

174 1045 337 1086 Haeresis
351 1076 362 1094 ,
386 1060 451 1085 seu
479 1047 744 1096 particularium
767 1050 942 1100 apostasis
968 1055 1004 1086 et
1020 1052 1041 1086 ὸ
1062 1048 1137 1087 fide
1164 1047 1339 1087 discessio
1354 1076 1365 1096 ,

95 1132 98 1134 ,
121 1113 174 1148 est
187 1104 378 1146 *inchoatio
398 1114 434 1146 et
450 1110 636 1157 promotio
660 1106 895 1148 Antichristi.
1171 1122 1173 1124 ·

94 1177 98 1179 ·
175 1165 367 1207 Generalis
390 1180 518 1218 regum
545 1173 581 1206 et
600 1180 797 1219 regnorum
821 1168 996 1206 discessio
1014 1174 1049 1206 et
1078 1171 1276 1220 apostasia,
1303 1172 1372 1210 erit

119 1226 336 1270 Antichristi
358 1229 458 1280 quasi
478 1231 764 1276 consummatio,
783 1230 929 1279 signum
947 1229 1060 1280 ipsius
1076 1230 1256 1270 adventus
1268 1232 1373 1281 jam-

119 1293 192 1341 jam
208 1290 330 1330 futuri.

176 1351 271 1392 Sana
281 1355 403 1406 itaque
417 1352 682 1405 particularium
695 1353 801 1402 fides,
818 1352 1027 1394 orthodoxa
1039 1368 1167 1407 regum
1178 1354 1373 1407 professio,

120 1416 263 1456 illorum
286 1429 372 1468 erga
400 1413 539 1456 sedem
557 1417 793 1470 apostolicam
807 1419 1014 1456 reverentia
1028 1447 1038 1466 ,
1067 1417 1299 1458 obstaculum
1316 1422 1374 1459 est

120 1475 356 1517 Antichristi.

176 1536 395 1587 Coniectura
410 1544 485 1586 est,
507 1544 543 1577 et
562 1538 710 1590 quidem
726 1542 842 1579 textui
858 1541 1057 1595 apostolico
1077 1541 1186 1580 valde
1213 1539 1372 1580 consor-

122 1601 215 1648 mis,
234 1613 312 1638 non
333 1605 456 1639 tamen
472 1598 605 1650 dogma
627 1600 712 1640 fidei
727 1631 737 1649 ,
760 1615 829 1640 nec
842 1609 948 1642 certa
964 1604 1136 1654 cognitio,

178 1659 386 1715 Unicuique
402 1655 590 1701 cum'divo
605 1659 808 1714 Augustino
822 1663 885 1704 hic
903 1664 1027 1704 dicere
1040 1664 1124 1703 licet
1142 1678 1151 1701 :
1171 1661 1254 1717 Ego
1268 1677 1379 1717 pror-

133 1738 194 1765 sus
225 1724 311 1777 quid
326 1723 475 1773 dixerit,
490 1722 604 1764 fateor
620 1739 681 1764 me
695 1727 876 1777 ignorare.

182 1785 271 1826 Hoc
290 1787 515 1827 obstaculum
537 1784 755 1828 Antichristi
779 1787 881 1829 Dens
897 1789 1013 1829 voluit
1028 1787 1380 1829 Thessalonicensi-

123 1851 195 1891 bus
210 1850 386 1900 revelari,
406 1853 426 1890 a
450 1851 559 1890 nobis
575 1858 696 1892 autem
711 1852 829 1892 voluit
847 1855 1018 1905 ignorari.

181 1910 392 1955 Adoremus
413 1916 491 1966 ejus
515 1915 761 1962 voluntatem3
795 1924 896 1968 grato
917 1919 1039 1957 animo
1073 1916 1247 1957 revelatas
1271 1917 1380 1956 nobis

130 1978 302 2017 veritates
321 1980 559 2030 recipiamus;
586 1977 714 2018 humili
742 1979 853 2019 corde
880 1979 1111 2019 absconditas
1139 1992 1378 2028 veneremur,

127 2037 283 2079 libenter
297 2054 357 2080 eas
373 2043 600 2093 ignoremus3
617 2054 688 2081 nec
702 2042 886 2123 cupiamus
901 2055 1030 2095 sapere
1049 2041 1130 2094 plus
1143 2044 1251 2093 quam
1269 2055 1382 2092 opor-

130 2105 183 2141 tet
198 2116 340 2155 sapere.

185 2159 299 2211 Hoc,
314 2171 355 2204 ut
370 2178 403 2204 az
392 2165 419 2204 't
435 2163 541 2204 divus
558 2162 755 2216 Tliomas,
772 2178 850 2205 non
879 2171 935 2205 est
958 2163 1113 2204 multum
1138 2163 1384 2202 necessarium

136 2222 182 2262 ad
198 2224 403 2266 sciendum.

192 2284 244 2323 Ut
270 2286 447 2324 recoletur
470 2301 535 2326 suo
550 2294 722 2339 tempore.
741 2285 810 2328 Gr.
830 2288 876 2327 ad
894 2287 1052 2327 revelari
1068 2299 1134 2326 suo
1152 2287 1262 2338 ipsius
1278 2293 1384 2326 tem-

130 2359 243 2397 pore3
267 2350 368 2401 quasi
386 2348 551 2390 diceret:
574 2347 713 2389 Tardat
731 2347 879 2402 quidem
905 2351 988 2401 quia
1005 2347 1206 2397 detinetur;
1226 2346 1293 2388 sed
1311 2361 1380 2388 suo
