1462 2540
437 58 909 119 EmszroLAE

122 171 230 331 Βερ
277 203 645 295 »PAULI
706 202 864 289 AD
929 149 1317 289 TITUM

355 376 661 435 TRIPLEX
687 375 1089 436 EXPOSITIO,

182 497 390 538 munst,
415 494 709 537 PARAPHRASI,
734 493 885 538 ATQL'E
909 488 1259 526 COMMENTARIO-

10 143 37 194 ξ’

505 715 959 781 PRAEFATIO.

107 834 257 909 Ηῶυ
271 851 335 903 ad
348 853 520 910 Titum
532 850 750 916 Epistola
764 860 836 899 est
853 853 993 917 quasi
1009 849 1362 918 compendium

110 933 373 996 uniusque
410 929 474 981 ad
503 930 823 980 Timotheum
853 931 1087 997 Epistolae
1128 951 1139 980 ;
1181 934 1235 980 in
1266 931 1361 981 hinc

110 1015 270 1074 enim.
292 1014 419 1061 sicut
439 1014 491 1059 in
508 1011 628 1072 illis,
652 1010 796 1060 docet
816 1013 1113 1076 Apostolus,
1135 1013 1223 1062 sed
1244 1032 1363 1079 pau-

111 1095 330 1144 cioribus
348 1093 515 1141 verbis
532 1129 544 1145 ,
573 1111 683 1156 quae
702 1103 817 1140 sunt
839 1095 1054 1159 episcopi
1074 1096 1263 1142 munia.

97 1169 104 1173 ’
178 1176 238 1222 In
262 1176 424 1240 primo
454 1173 655 1238 quidem
691 1175 879 1238 capite,
908 1174 1076 1238 quales
1112 1175 1256 1223 Titus
1279 1175 1366 1224 de-

111 1256 227 1304 beat
249 1258 299 1303 in
321 1257 577 1320 episcopos
601 1254 852 1303 ordinare.

178 1337 239 1384 In
270 1335 516 1395 secundo,
555 1334 675 1399 quid
708 1337 976 1400 unicuique
1003 1335 1135 1384 fideli
1159 1356 1251 1403 pro
1277 1356 1366 1387 suo

115 1429 244 1469 statu
262 1416 533 1484 praedicare
550 1414 746 1462 debeat.

182 1500 242 1546 In
275 1499 451 1557 tertio,
490 1504 629 1544 notat
669 1496 833 1563 aliqua
861 1498 1092 1547 omnibus
1137 1500 1366 1550 fidelibus

117 1580 415 1629 communia.
462 1572 468 1576 “

182 1659 275 1707 Hae
318 1668 418 1706 tres
457 1658 608 1722 igitur
634 1656 865 1721 Epistolae
909 1658 1214 1722 pontificales
1252 1672 1368 1710 sunt

119 1737 341 1801 ejusdem
362 1739 667 1802 argumenti,
690 1737 880 1801 sibique
902 1740 1192 1803 persimiles.

184 1818 315 1865 Hinc
365 1835 428 1865 ex
469 1817 588 1867 divo
625 1819 933 1883 Augustino,
970 1819 1058 1867 lib.
1102 1821 1161 1869 de
1189 1823 1363 1874 Doctr.

119 1899 291 1946 christ.
311 1935 323 1958 ‚
356 1917 464 1964 cap.
497 1900 583 1958 16,
619 1899 726 1947 illas
755 1901 1056 1966 anteoculos
1078 1905 1263 1954 habere
1281 1907 1368 1957 (le-

117 1978 204 2028 bet
226 1982 307 2028 cui
322 1991 396 2029 est
428 1983 479 2029 in
498 1981 715 2030 Ecclesia
739 1980 954 2031 doctoris
978 2002 1189 2050 persona
1210 1990 1370 2055 impo-

123 2068 234 2106 slta.

190 2139 419 2203 Nicopoli
441 2142 675 2205 scriptam
693 2159 797 2190 esse
815 2142 996 2191 docent
1018 2145 1190 2195 Graeca
1210 2158 1256 2196 et
1276 2150 1372 2217 Sy-

118 2221 274 2278 liaca,
302 2230 350 2267 et
378 2220 624 2285 colligitur
657 2241 716 2271 ex
747 2233 796 2280 3?-
829 2241 912 2282 12,
939 2243 1049 2290 cap.
1090 2227 1147 2287 33
1180 2231 1283 2277 sive
1308 2233 1371 2281 sit

120 2298 418 2366 Nicopolis
406 2318 457 2348 1n
490 2300 675 2367 Epiro,
713 2311 767 2350 ut
807 2303 914 2351 vult
941 2303 1086 2354 divus
1114 2305 1372 2398 Hieron)-

314 2381 354 2410 ἶ.
1110 2377 1158 2426 1*
