1462 2540
20 88 43 114 ,ἦ
379 68 557 106 'rm
571 66 806 98 nvom-rto.
835 54 931 108 Cap.
960 51 1000 95 Ι.
1239 51 1333 94 323

14 117 42 147 ‘³¹
80 132 124 173 in
141 130 291 181 Christo
314 134 500 177 ommam,
527 134 564 167 et
580 127 627 166 ob
650 125 842 166 Christum
861 125 938 165 Deo
953 123 1191 175 charissimi,
1217 123 1324 163 electi

81 195 170 235 Dei.
333 243 337 246 ξ
796 184 799 187 ’

133 257 187 297 Es
197 257 420 308 agnitionem
436 251 646 295 veritatis...

134 315 187 358 Et
201 324 241 358 ut
256 310 467 363 credentes,
491 327 556 354 seu
572 325 637 366 per
660 310 774 351 fidem
793 316 1014 363 cognoscant
1031 309 1221 349 veritatem
1242 319 1326 360 qua

82 385 220 430 spectat
248 377 296 418 ad
324 390 450 418 veram
480 375 716 427 religionem,
746 386 810 412 seu
837 385 920 425 quae
949 385 1078 412 verum
1100 368 1172 411 Dei
1191 369 1325 413 cultum

81 439 205 480 docet.
1331 431 1333 433 ’

135 500 335 542 Primarius
356 507 392 540 et
408 498 566 540 formalis
583 495 734 538 effectus
762 496 851 536 fidei
879 501 934 535 est
962 494 1120 545 cognitio
1140 490 1324 538 veritatis,

82 566 176 605 sicut
191 563 342 604 effeetus
364 562 452 602 lucis
470 568 527 601 est
544 560 769 600 illuminatio.

136 625 219 678 Ipsa
236 634 358 667 autern
374 625 464 665 szdes
484 631 537 664 est
553 625 712 675 cognitio
726 623 885 661 veritatis
901 651 911 670 ‚
929 634 1005 660 non
1028 616 1240 669 cujuslibet;
1261 613 1328 654 sed

19 694 25 704 ’
82 690 244 728 veritatis
258 702 339 739 quae
358 687 418 726 dat
434 686 646 736 religionem
663 683 850 734 tenditque
874 683 919 722 ad
937 681 1010 728 Dei
1029 680 1175 721 cultum.

138 745 182 786 In
198 760 271 798 quo
281 745 433 785 disserta
446 744 675 797 philosophia
690 759 697 781 z
713 742 792 782 haec
807 743 868 783 (lat
883 756 1002 783 rerum
1016 739 1229 780 naturalium
1242 750 1330 788 cog·

82 807 286 851 nitionem;
311 804 403 844 fides
438 809 527 845 vero
550 804 609 843 dat
632 807 737 856 cogni
747 806 883 843 tionem
916 805 1075 843 veritatis
1095 815 1175 855 quae
1193 803 1331 852 spectat

14 886 16 889 ’
81 869 128 908 ad
149 880 274 906 veram
294 869 480 918 pietatem.

99 971 104 980 ,
158 928 285 970 Pietas
301 932 422 982 itaque
444 936 497 970 est
517 929 604 969 alter
619 930 703 969 fidei
721 929 890 977 effecius,
913 931 987 969 imo
1005 932 1042 968 et
1060 926 1156 966 finis.

137 987 184 1033 Ῠ.
201 1005 237 1030 2.
253 991 298 1029 In
312 1005 413 1042 spem
431 993 527 1031 vitae
544 998 703 1028 oeternoe.
720 987 788 1028 Gr.
800 990 866 1028 sub
882 1002 989 1039 spe...
1003 1001 1083 1040 quae
1098 982 1212 1040 pietas
1226 997 1332 1037 spem

13 1110 15 1114 V
82 1058 168 1097 vitae
185 1063 331 1096 aeternae
351 1070 477 1096 secum
497 1055 679 1094 annexam
697 1053 808 1093 habet
824 1068 834 1099 ς
853 1066 917 1092 seu
933 1081 943 1101 ‚
968 1051 1038 1104 quai
1057 1053 1190 1104 pietate
1208 1049 1334 1090 fideles

71 1115 209 1174 'Deum
227 1134 355 1160 verum
375 1118 497 1159 colunt
515 1119 582 1157 sub
602 1131 665 1169 spe
684 1118 769 1157 vitae
787 1123 932 1157 aeternae
946 1145 957 1166 ,
991 1114 1027 1154 id
1046 1120 1101 1154 est
1116 1144 1129 1166 ‚
1146 1117 1333 1167 sperantes

83 1181 198 1219 vitam
217 1187 402 1220 aeternam.

140 1238 217 1280 Sub
240 1241 340 1293 lege,
362 1255 401 1280 se
421 1241 622 1281 colentibus
641 1239 744 1281 Deus
761 1241 972 1293 promiserat
994 1246 1130 1278 terram
1143 1236 1332 1290 fluentem

35 1357 38 1359 ‚
82 1304 146 1342 Iac
163 1310 198 1342 et
214 1305 309 1352 mel,
327 1303 365 1343 id
379 1310 456 1354 est,
483 1304 579 1343 bona
596 1311 752 1344 terrena.

42 1360 45 1361 ⁷
125 1362 224 1405 *Sub
249 1365 343 1414 fide,
363 1379 403 1405 se
421 1366 623 1405 colentibus
651 1364 756 1405 Deus
787 1365 953 1416 promisit
978 1376 1133 1415 regnum
1161 1361 1307 1402 coeleste
1322 1364 1337 1411 ‚¹

85 1428 199 1468 vitam
214 1433 388 1466 aeternam
403 1454 414 1472 ,
433 1428 575 1464 summe
592 1427 749 1465 beatam.

120 1485 244 1527 *Finis
269 1487 488 1538 apostolatus
516 1484 660 1538 Moysis
693 1486 777 1536 (suit
801 1488 900 1526 enirn
922 1489 942 1526 ὲ
960 1483 1044 1525 Deo
1077 1484 1233 1534 missus)
1260 1490 1336 1523 erat

85 1557 180 1590 terra
198 1547 332 1588 Hevaei
350 1555 388 1588 et
409 1546 617 1588 Amorrhaei
631 1578 642 1598 ‚
660 1551 708 1588 ait
725 1548 785 1587 hic
807 1547 859 1588 D.
876 1546 1056 1588 Thomas.

141 1611 244 1652 Finis
272 1611 491 1665 apostolatus
513 1608 649 1651 Christi
675 1618 712 1651 et
735 1611 991 1664 discipulorum
1010 1611 1087 1660 ejus
1110 1616 1165 1650 est
1183 1623 1335 1662 regnum

90 1677 285 1725 coelorum,
310 1679 382 1716 vita
399 1683 545 1716 aeterna.

145 1737 194 1775 In
214 1751 315 1788 spem
338 1739 429 1777 viloe
457 1745 632 1776 oete1···noe
652 1739 752 1777 missi
773 1744 854 1776 sunt
881 1735 1074 1790 Apostoli,
1095 1751 1158 1776 seu
1177 1742 1214 1776 ut
1238 1734 1334 1775 hanc

89 1811 196 1849 spem
212 1799 321 1837 nobis
336 1797 490 1837 darent:
506 1800 543 1837 in
560 1797 628 1838 hrtc
645 1812 709 1850 spe
726 1806 762 1838 et
777 1801 844 1838 sub
862 1798 932 1838 hae
952 1813 1034 1852 spe,
1051 1813 1120 1838 nos
1138 1796 1333 1838 Christiani

71 1857 210 1899 ‘Deum
227 1859 400 1909 colimus,
420 1861 478 1911 pie
498 1867 533 1899 ct
555 1863 676 1900 sancte
699 1862 856 1900 vivimus
869 1890 880 1910 ,
906 1861 1117 1912 temporalia
1133 1868 1168 1901 et
1188 1868 1331 1903 terrena

86 1923 310 1972 spernimus,
330 1928 486 1970 aeterna,
506 1921 666 1961 coelestia
679 1951 690 1970 ‚
707 1921 831 1962 divina
854 1930 1055 1976 sperantes.

143 1981 270 2032 Quam
291 1985 464 2035 promisit
481 1987 545 2035 qui
564 1999 638 2023 non
659 1986 873 2025 mentitur...

141 2039 237 2082 Haec
251 2050 369 2082 autem
381 2051 502 2083 nostra
518 2058 604 2097 spes
617 2059 693 2084 non
705 2047 822 2086 inanis
833 2053 892 2087 aut
906 2046 1146 2093 frustratoria;
1162 2043 1232 2086 sed
1242 2052 1337 2085 certa

22 2112 31 2116 ·
86 2100 262 2152 firmaque
278 2108 355 2152 est,
374 2102 677 2158 sicutDeusipse
695 2115 812 2147 certus
828 2109 1046 2161 summusque
1068 2108 1338 2159 utpotetotain

86 2158 171 2200 Deo
187 2161 348 2202 fundata.

141 2219 252 2261 Hanc
268 2224 366 2262 enim
384 2225 496 2263 vitam
515 2231 685 2264 aeternam
698 2254 710 2275 ‚
729 2223 861 2266 Deus
851 2239 929 2278 ipse
955 2227 1021 2278 qui
1045 2240 1117 2265 non
1136 2226 1332 2274 menu'tur,
1362 2254 1369 2257 «

85 2278 288 2335 ἀψευδὴς,
312 2298 446 2336 expers
463 2286 668 2339 mendacii,
689 2286 810 2328 fallere
838 2290 1024 2339 nesciens,
1042 2287 1080 2329 id
1096 2294 1171 2338 est,
1192 2291 1335 2329 summe
