1448 2540
529 104 736 142 secum.

58 188 174 231 Disce
194 201 276 242 (με
289 189 363 229 sint
389 190 470 230 veri
487 185 686 234 Christiani
703 188 867 238 divitie,
893 204 1043 245 semper
1061 192 1258 245 optandae‚

0 252 153 312 jsemper
165 250 371 303 angendae:
400 246 497 293 fides
514 252 649 293 scilicet
667 258 704 292 et
723 250 894 294 charitas.

62 312 185 365 Hujus
206 314 370 353 veritatis
399 327 565 362 memor,
594 327 683 366 roga
701 313 913 368 frequenter
932 329 1016 356 cum
1043 312 1260 370 Aposmlis:

11 423 22 427 .
69 379 187 425 mine,
211 377 357 428 adauge
358 376 402 429 s
402 379 500 420 dem
522 375 620 419 Vide
638 375 695 427 Υ.
722 394 762 418 2.
781 393 820 418 m
836 375 1126 422 Commentario-

6 455 11 466 ³
12 430 210 482 Ibidem
230 439 317 480 vide
334 446 371 480 et
386 446 474 480 nota
483 439 582 480 unde
599 442 711 492 possit
722 441 872 492 agnosci
894 447 1131 491 augmentum
1146 439 1261 492 fidei‚·

28 503 164 552 cilicet,
188 504 219 542 si
236 504 272 542 in
289 505 529 543 tentationum
551 503 789 543 inundatione
804 517 881 546 non
900 505 1168 557 submergeris,
1189 503 1259 547 sed

7 568 248 620 supercrescit
271 565 363 606 fides
393 573 467 607 tua.

0 0 37 220 ξ
268 55 273 59 -
323 13 963 70 QWQQVI„
1211 20 1290 64 15.

554 657 714 695 Τειιτιὸ.

15 739 18 742 ’
61 735 165 780 Nota
185 738 338 780 solidam
368 746 408 780 et
427 739 657 781 christianam
687 742 726 781 in
748 739 1005 786 afflictionibus
1033 739 1258 784 consolatio-

60 813 111 840 m.

66 860 233 904 Afflictio
251 870 389 905 certum
403 871 457 905 est
476 865 647 905 indicium
665 867 748 915 justi
760 865 884 916 judicii
901 879 974 918 quo
986 863 1092 906 Deus
1108 877 1177 905 nos
1194 877 1262 904 suo

10 938 127 978 regno
146 925 276 977 dignos
297 926 470 977 judicabit
491 928 529 967 in
557 927 633 967 fine
664 927 804 969 mundi.
831 926 930 969 Vide
960 927 1055 968 dicta
1075 923 1129 976 Υ.
1152 926 1193 968 5.
1223 929 1263 967 iu

49 989 305 1028 ommentario.

11 1065 14 1067 ’
68 1046 234 1090 Afflictio
260 1053 414 1090 nuncin
432 1052 540 1091 nobis
560 1053 870 1107 meritum‘parit,
902 1067 1055 1106 regnum
1086 1058 1267 1093 aeternum

48 1110 206 1163 ‘quando
226 1112 392 1163 paritura.

68 1169 170 1213 Crux
188 1174 307 1224 itaque
330 1177 417 1212 vere
439 1175 595 1225 pretiosa
608 1202 619 1223 ‚
643 1176 732 1213 vere
752 1173 1016 1214 desiderabilis.

554 1273 733 1318 QnAnTo.

67 1358 181 1401 Disce
199 1361 284 1415 quid
300 1364 345 1403 sit
363 1361 486 1410 Deus;
505 1365 692 1417 quomodo
709 1378 863 1403 manens
879 1378 1026 1417 semper
1043 1365 1162 1414 idem,
1188 1366 1264 1405 bo-

15 1434 147 1463 norum
159 1431 281 1464 tamen
296 1432 354 1464 est
369 1427 443 1466 vita
454 1455 464 1473 ‚
483 1426 662 1466 malorum
679 1440 776 1465 mors
787 1433 823 1467 et
837 1427 1051 1478 supplicium
1072 1433 1265 1468 aeternum.

73 1483 159 1525 Lux
178 1493 231 1525 est
250 1494 408 1533 aeterna3
429 1488 514 1526 ideo
537 1495 743 1527 sanctorum
760 1491 834 1528 vita
851 1496 1009 1535 aeterna3
1030 1489 1116 1529 ideo
1129 1496 1165 1530 et
1180 1504 1266 1543 per-

18 1562 208 1589 versorum
226 1563 331 1602 poena
346 1558 491 1590 aeterna.
508 1549 608 1591 Sicut
627 1551 757 1592 eadem
781 1552 867 1592 solis
894 1552 956 1592 lux
971 1553 1114 1592 oculum
1134 1568 1264 1594 sanum

19 1618 178 1659 recreat,
204 1625 340 1663 aegrum
357 1619 512 1664 torquet.

75 1671 189 1714 Disce
204 1688 291 1726 ergo
308 1675 405 1714 unde
423 1674 504 1714 haec
522 1678 608 1715 vitae
628 1683 664 1715 et
681 1678 806 1716 mortis
825 1676 1015 1716 diversitas
1033 1691 1042 1712 z

74 1733 137 1775 Ex
157 1736 299 1777 diversa
317 1738 497 1776 bonorum
527 1745 563 1777 et
581 1738 758 1778 malorum
785 1738 1044 1790 dispositione,
1078 1751 1126 1779 ex
1147 1738 1265 1779 cordis

12 1795 158 1836 scincet
176 1797 352 1837 munditia
369 1807 405 1839 et
423 1800 664 1840 immunditici.

79 1857 246 1900 Omnem
260 1865 380 1914 itaque
395 1864 660 1904 immunditiam
676 1863 807 1912 horre;
828 1863 1051 1904 omnimodae
1076 1864 1267 1905 munditiei

23 1920 144 1960 stude.

81 1979 184 2022 Hinc
204 1983 303 2024 disce
316 1985 449 2038 quanta
464 1986 628 2028 facilitate
644 1986 746 2028 Deus
768 1990 931 2040 praemiat
948 1995 984 2027 et
1003 1995 1158 2040 torquet.
1174 1986 1269 2029 Satis

25 2049 83 2083 est
102 2047 222 2084 visum
248 2061 327 2088 esse
355 2045 490 2088 Deum.
523 2052 558 2089 A
571 2049 683 2100 socie
711 2051 868 2091 Domini
896 2052 997 2101 justis
1028 2054 1126 2099 vita,
1147 2052 1269 2103 impiis

29 2110 163 2144 aeterna
183 2111 324 2161 agonia.
355 2108 478 2152 Vide·
469 2126 507 2152 1n
523 2109 796 2153 Commentario
828 2112 864 2151 di
854 2118 944 2163 cta,
977 2108 1022 2154 Ῠ.
1052 2128 1100 2167 9,
1120 2112 1270 2153 observ.

26 2164 137 2208 litter.
158 2174 194 2208 et
209 2171 335 2212 moral.
