1448 2540
0 183 3 195 λ
30 187 34 191 Α
115 137 264 199 mmm
282 138 446 184 doctrina
461 137 528 178 erit
549 135 601 189 hy
603 136 800 188 puerities,
821 134 981 186 speciem
995 132 1094 173 enim
1111 129 1310 184 quamdam

0 208 12 257 ζ
63 204 258 243 sanctitatis
272 198 438 241 habebit-

119 261 232 304 Verbi
256 260 395 314 gratia,
425 259 590 300 doctrina
615 259 758 311 nuptias
781 256 981 310 prohibens
1006 255 1166 308 speeiem
1192 252 1310 295 habet

65 324 250 368 castitati-‘13

6 431 13 438 .
118 381 294 424 Doctrina
317 383 529 433 praecipiens
547 383 568 420 a
585 378 800 432 quibusdam
821 381 1002 420 abstinere
1031 377 1123 417 cibis
1145 377 1310 428 speciem

63 444 175 485 habet
194 444 442 496 temperantiae
464 457 475 479 ε

119 505 271 547 Revera
286 512 412 546 tamen
428 511 577 556 utraque
597 505 635 543 in
658 506 699 543 Se
716 503 806 545 mala
826 510 904 552 est,
926 510 1050 543 contra
1067 500 1143 542 Dei
1159 499 1311 540 institu-

66 577 142 608 tum
155 598 168 616 ‚
186 572 207 608 a
225 568 368 609 diabolo
380 597 392 617 ‚
415 567 461 606 ad
479 566 609 606 malum
632 565 746 605 finem
763 567 937 611 inventa;
968 577 1054 616 ergo
1070 561 1310 616 hypocritica.

120 627 205 669 Vita
222 642 389 680 quoque,
414 630 496 679 quia
515 628 791 666 sanctimoniam
810 626 1019 665 simulantes
1033 654 1043 673 ‚
1069 625 1119 675 pii
1137 629 1174 662 et
1194 621 1312 661 sancti

0 686 10 698 ⁴
64 701 187 728 coram
205 686 415 726 hominibus
424 699 598 739 apparere
610 691 815 738 satagentes
827 714 838 733 ‚
857 688 1082 726 cauteriatam
1098 691 1220 725 tamen
1236 681 1315 721 ha-

64 749 204 788 bebunt
219 761 320 788 suam
335 750 593 788 conscientiam
604 777 616 797 ,
638 748 675 787 id
692 755 766 795 est,
784 752 941 789 cauterio
962 748 1151 788 libidinum
1167 752 1204 786 et
1220 756 1313 784 om-

1 823 3 827 ⁴
66 812 167 850 nium
182 809 358 850 scelerum
373 811 528 850 inustam
544 809 836 862 etdenigratam.

121 872 375 910 cauteriatam
392 871 650 911 habentium...

123 930 208 971 Hac
229 931 440 984 metaphora
461 926 604 984 sur‘npta
628 935 649 972 a
668 933 840 973 maleficis
860 934 990 986 quibus
1010 932 1107 972 ferro
1132 930 1318 972 candente

69 995 159 1034 cutis
176 996 348 1043 inuritur,
367 996 404 1034 in
421 995 565 1046 signum
578 992 699 1034 delicti
717 1000 752 1033 et
765 993 924 1033 infamiae
935 1022 946 1040 ‚
964 991 1015 1034 D.
1030 991 1164 1033 Paulus
1179 991 1317 1043 signifi·

0 1086 2 1089 v
69 1070 151 1096 care
169 1056 302 1103 voluit,

123 1116 269 1167 Primo,
290 1117 449 1158 infamiae
468 1124 619 1157 notam:
635 1130 724 1165 seu,
743 1122 782 1155 ut
799 1117 846 1155 ait
862 1113 1185 1167 Theophylactus‚
1201 1113 1319 1154 inde-

69 1178 193 1219 lebiles
213 1185 317 1218 notas
330 1178 486 1218 sordidae
510 1178 651 1218 illomm
668 1179 783 1216 vitae:
802 1183 839 1216 et
858 1176 943 1216 huic
957 1176 1155 1216 conformis
1169 1181 1223 1215 est
1237 1172 1318 1227 ὃν,

30 1244 37 1248 ’
68 1256 155 1283 rus:
170 1248 291 1290 eruut,
315 1243 456 1292 inquit,
475 1242 588 1280 notati
605 1243 762 1280 cauterio
783 1243 819 1280 in
838 1240 903 1280 sua
919 1238 1155 1280 conscientia.

124 1303 312 1351 Secundo,
332 1304 493 1355 putidam
519 1316 662 1343 morum
679 1303 822 1343 illorum
841 1306 1124 1355 corruptionem.

124 1363 331 1406 Cauterium
347 1367 446 1405 enim
462 1394 475 1413 ‚
493 1371 531 1404 ut
546 1367 593 1404 ait
613 1362 660 1404 D.
675 1362 843 1404 Thomas
856 1393 867 1412 ‚
886 1371 942 1404 est
959 1365 1139 1416 corruptio
1152 1364 1191 1403 in
1208 1374 1319 1401 carne

71 1441 136 1479 per
153 1430 274 1478 ignem
291 1457 302 1476 ‚
319 1441 368 1466 ex
389 1426 458 1477 qua
476 1426 658 1476 egreditur
674 1427 843 1465 continue
861 1426 1028 1476 putredo.

127 1485 181 1526 Ita
193 1501 239 1526 ex
250 1490 524 1539 igne-perversae
533 1486 727 1525 voluntatis
740 1485 880 1524 illorum
893 1484 1067 1523 ulceratur
1079 1482 1317 1530 conscientia,

73 1556 107 1589 et
129 1549 391 1589 daemoniorum
409 1551 590 1601 egreditur
608 1549 692 1588 falsa
709 1549 884 1588 doctrina.

127 1609 255 1652 Te1tio
265 1641 276 1661 ‚
298 1610 478 1651 servorem
492 1619 528 1652 et
542 1612 709 1651 ardorem
726 1610 933 1653 libidinum,
949 1621 1011 1648 seu
1025 1638 1036 1656 ‚
1048 1614 1087 1647 ut
1102 1609 1151 1648 ait
1169 1603 1319 1646 Emma-

72 1673 157 1712 nuel
177 1671 248 1723 Sa,
271 1676 390 1725 ignem
415 1674 571 1714 malitiae.

128 1733 290 1785 Quarto,
326 1738 464 1787 illorum
499 1739 644 1778 malitiae
676 1735 1002 1776 immutabilitatem
1019 1762 1030 1781 ‚
1071 1747 1134 1772 seu
1147 1762 1156 1780 ‚
1196 1739 1235 1772 ut
1269 1733 1319 1771 ait

71 1793 348 1844 Theodoretus,
367 1805 550 1851 stuporem
574 1812 699 1840 eorum
720 1804 937 1837 extremum.

128 1857 248 1898 Locus
273 1862 417 1899 cauterii
433 1887 444 1907 ‚
475 1868 591 1901 morte
612 1860 759 1900 affectus
776 1889 788 1910 ,
816 1862 974 1911 priorem
997 1872 1146 1898 sensum
1173 1858 1318 1906 amisit,

73 1920 120 1958 ait
140 1916 410 1961 The'odoreius.

129 1983 383 2022 Cauteriutam
403 1986 523 2036 itaque
543 1983 759 2023 habentium
783 1982 1068 2028 conscientiam,
1090 1980 1127 2019 id
1148 1987 1202 2020 est
1216 2008 1228 2028 ‚
1249 1979 1320 2018 ha·

74 2042 237 2081 bentium
259 2037 515 2084 conscientiam
541 2045 688 2093 infami,
715 2045 865 2096 putido,
895 2043 1043 2083 ardente
1068 2048 1105 2081 et
1130 2041 1320 2080 inexstin-

123 2103 310 2115 ······

0 0 47 211 ξ
93 77 106 95 ¹
170 34 171 38 Ἰ
367 75 547 110 arm
571 74 803 106 nrosmo.
831 59 929 114 Gap.
954 57 1034 102 11⁷.
1226 57 1307 100 153

7 2187 12 2209 ·.:
75 2169 223 2214 stupor,
245 2177 342 2204 mors
364 2167 506 2207 animae.
