1448 2540
109 116 226 161 avita
239 117 272 156 si
289 109 441 155 sanctos
451 104 663 166 peregrinos
678 109 839 164 hospitio
855 111 1007 163 recepit,
1029 99 1228 160 eorumque
1245 108 1370 161 pedes

110 180 199 221 lavit
209 197 220 224 ;
239 181 271 220 si
280 177 422 220 afflictis
433 177 724 218 subministravit
743 176 946 216 necessaria
959 174 1007 214 ad
1018 174 1184 215 solatium
1195 188 1207 222 ς
1223 176 1255 215 si
1270 187 1360 214 om-

113 257 180 284 nes
191 243 372 282 bonorum
388 254 545 293 operum
560 241 772 280 occasiones
784 244 975 290 prosecuta
997 243 1065 278 est.

43 0 102 23 -f
142 0 149 13 ’ν
181 4 185 10 ·
350 6 356 12 ·
972 8 983 21 r

0 0 50 246 f
91 71 94 74 .
417 53 595 85 num
613 28 853 89 ‘nmmo-
880 35 978 92 Cap.
1007 38 1058 80 V.
1280 53 1355 91 ¹7¹

166 325 338 367 Juniores
355 330 446 366 verb
471 325 598 365 viduas
618 337 668 364 ne
687 325 840 374 recipias
859 325 899 362 in
925 323 1022 362 dicto
1042 322 1220 375 catalogo;
1251 325 1334 375 quia
1346 353 1358 373 ‚

114 390 196 429 cum
214 385 391 428 Ecclesiae
414 388 528 438 copiis
545 387 714 437 saginatae
729 384 884 431 fuerint,
910 386 948 424 in
979 381 1166 424 Christum
1187 398 1366 438 sponsum

113 449 362 496 recalcitrant,
384 455 420 488 et
439 447 579 487 homini
599 446 740 486 mortali
768 448 908 486 nubere
937 445 1066 486 volunt
1085 462 1096 485 z

173 508 345 562 Hincque
361 509 600 549 damnationis
619 510 788 548 meritum
821 507 981 557 habent,
1013 510 1097 560 quia
1126 507 1238 547 fidem
1258 519 1368 558 quam

117 564 288 620 Christo,
311 586 446 624 sponso
469 585 555 620 su0‚
582 573 739 624 primum
768 570 977 619 dederunt,
1015 572 1150 610 irritam
1175 568 1371 620 fecerunt,

117 647 183 674 seu
199 634 440 674 violaverunt.

173 693 381 744 Praeterea,
404 697 532 734 otiosae
550 700 760 735 assuescunt
781 695 949 734 cursitare
970 708 1034 747 per
1056 693 1188 733 domos
1212 708 1222 732 ε
1240 705 1369 744 pamm

118 760 175 794 est
194 757 328 794 otiosas
355 756 500 806 vagari,
524 754 590 794 sed
609 760 644 794 et
663 754 811 804 garmiae
827 760 939 804 sunt,
963 761 1001 794 et
1027 767 1150 794 rerum
1173 752 1374 793 alienarum

118 813 380 866 indagatricem
400 814 597 866 loquuntur
614 827 695 865 quae
714 827 790 852 non
809 820 967 865 oportet.

177 895 303 947 ltaque
326 895 419 934 mato
434 901 473 934 ut
491 896 654 944 nubant,
676 903 807 936 matres
829 897 920 943 sint,
944 902 981 935 et
998 895 1091 935 filios
1109 896 1168 946 pie
1183 893 1372 946 educent,

122 957 267 997 samitiae
282 970 401 997 curam
414 962 556 1007 gerant,
576 959 659 1008 quia
672 961 726 998 sic
741 956 877 999 nulium
894 958 1032 998 dabunt
1047 960 1197 998 inimico
1210 965 1371 1010 praetex-

124 1025 202 1058 tum
217 1018 263 1058 ad
285 1017 491 1057 maledicta.

177 1121 263 1162 Jam
290 1123 390 1162 enim
411 1121 575 1173 quaedam
591 1123 611 1159 ὲι
642 1118 789 1160 Christo
808 1133 972 1169 aversae,
1001 1117 1171 1177 Satanam
1189 1126 1274 1160 sunt
1305 1134 1375 1161 se-

129 1191 235 1226 cutae.

179 1284 220 1326 Si
250 1288 352 1338 quis,
387 1292 446 1326 aut
475 1297 556 1338 quae
586 1284 703 1324 fidelis
724 1284 852 1324 viduas
877 1284 990 1326 habet
1012 1288 1080 1326 sibi
1115 1293 1279 1339 agnatas,
1313 1293 1375 1328 aut

125 1346 275 1396 affines,
295 1348 360 1388 illis
382 1350 598 1394 subveniat,
627 1362 675 1387 ne
693 1349 766 1386 sint
792 1350 896 1387 oneri
923 1346 1122 1396 Ecclesiae;
1152 1356 1191 1389 ut
1218 1352 1261 1390 iis
1290 1363 1376 1404 quae

125 1411 254 1448 revera
284 1408 401 1448 viduae
423 1415 505 1448 sunt
527 1415 563 1447 et
594 1407 762 1448 desolatae
783 1411 987 1448 necessaria
1024 1412 1137 1461 possit
1169 1410 1375 1450 subminis-

130 1478 236 1512 irate.

185 1545 400 1598 Presbyteri
430 1548 490 1598 qui
509 1546 605 1585 bene
632 1553 805 1598 praesunt,
839 1553 875 1586 et
908 1546 957 1586 itti
988 1549 1215 1599 potissimum
1246 1550 1307 1600 qui
1336 1550 1376 1588 in
1433 1584 1437 1586 .

131 1607 246 1646 verbo
271 1604 343 1645 Dei
368 1605 654 1656 evangelizando
674 1606 860 1655 laborant,
882 1607 1046 1660 ampliori
1063 1614 1099 1647 et
1122 1608 1378 1649 abundantiori

131 1668 291 1710 subsidio
308 1668 408 1720 digni
426 1674 523 1708 sunt.

188 1765 287 1807 Dicit
304 1769 402 1806 enim
433 1764 613 1819 Scriptura
626 1796 639 1815 ‚
658 1764 768 1808 Dent.
790 1768 856 1809 25.
873 1783 882 1806 :
899 1766 985 1808 Non
1006 1767 1204 1808 infrenabis
1225 1782 1268 1809 os
1285 1770 1378 1809 bovi

131 1830 326 1874 trituranti3
348 1834 384 1868 et
398 1826 584 1877 Christus,
600 1826 734 1868 Matth.
758 1843 820 1868 10.
847 1843 922 1877 103
942 1827 1034 1870 Luc.
1059 1844 1120 1871 10.
1141 1845 1178 1883 7.
1198 1845 1208 1869 :
1231 1828 1380 1882 Dignus

134 1898 189 1930 est
219 1892 402 1942 operarius
424 1889 594 1930 mercede
615 1891 691 1931 sua.

187 1966 376 2010 Adversus
395 1971 647 2022 presbyterum
674 1973 941 2011 accusationem
957 1985 1006 2012 ne
1032 1974 1204 2024 recipias,
1227 1974 1298 2012 nisi
1313 1985 1381 2024 per

134 2031 225 2071 duos
251 2031 312 2071 vel
328 2038 400 2071 tres
419 2039 530 2072 testes
558 2034 760 2084 probatam.

188 2121 393 2164 Peccantes
414 2127 556 2178 publice
584 2141 693 2180 argue
713 2136 750 2169 et
773 2131 915 2182 publice
928 2160 939 2179 ,
970 2137 1008 2171 ut
1037 2132 1155 2171 caeteri
1174 2130 1247 2170 hoe
1263 2131 1379 2182 puni-

135 2185 246 2224 tionis
265 2186 436 2238 exempio
456 2187 635 2239 deterriti,
655 2199 899 2232 coerceantur.

7 2283 35 2388 ᾖ
189 2274 370 2318 Obtestor
386 2284 422 2319 et
440 2279 568 2330 adjuro
586 2287 622 2322 te
635 2311 645 2330 ‚
668 2283 898 2324 audientibus
916 2282 1002 2324 Deo
1013 2313 1026 2330 ,
1045 2291 1080 2324 et
1098 2282 1245 2325 Christo
1260 2281 1350 2325 Jesu
1365 2313 1379 2336 ,

0 2351 2 2374 ,
31 2349 37 2366 ι

12 2418 37 2490 ἑ

10 2500 37 2540 f,
