1462 2540
139 1 158 8 u-

16 31 69 87 ,ξςὲ’
398 47 568 79 ramex
591 45 818 85 exrosrrro.
846 33 942 86 Cap.
971 29 1025 74 V.
1246 32 1332 75 183

12 82 58 123 ἔν’

10 116 46 165 ξ’
74 111 233 156 honore,
254 104 410 156 scilicet,
430 102 514 150 reali
532 105 697 146 subsidio
719 105 817 157 digni
834 108 941 152 sunt,
966 102 1005 143 id
1025 108 1104 152 est,
1126 103 1332 150 commode

3 171 34 229 t}
74 174 267 214 sustentari
283 177 478 212 merentur.

23 232 28 238 ”
135 235 324 272 Honorem
341 232 427 271 dicit
456 231 671 283 obsequium
696 234 732 269 et
756 241 882 267 rerum
908 228 1192 300 necessariarum
1213 226 1333 278 iargi-

78 297 228 335 tionem.
254 292 303 334 D.
323 291 624 343 chrysostomus.

15 349 19 353 ’
132 344 297 396 Maxime
314 357 375 406 qui
390 355 428 392 in
448 352 730 405 evangelizando
747 352 863 392 verbo
881 350 954 392 Dei
971 353 1192 391 intentisunt
1206 379 1217 398 ,
1237 357 1274 390 et
1287 351 1335 389 in

78 421 235 460 docendi
252 420 465 459 ministerio.

133 476 178 525 ᾖ.
203 481 264 520 18.
286 482 384 519 Ulci!
399 481 495 518 enim
512 479 747 530 Scriptum...

136 542 224 584 Hoc
249 544 324 594 ipsa
350 543 429 594 tege
448 542 589 587 firmat,
614 540 763 581 Denter.
789 540 854 581 25.
889 540 950 588 14:
978 537 1099 578 Levit.
1125 553 1182 592 ¹9.
1207 536 1267 578 13.
1292 543 1339 578 et

27 640 29 642 .
79 610 162 660 ipso
174 606 321 646 naturali
332 609 419 656 ju1e,
431 609 450 645 a
462 602 607 645 Christo
621 601 781 643 Domino
793 602 1024 648 confirmato,
1034 599 1168 640 Manh.
1187 615 1249 641 10.
1263 614 1335 643 ro:

15 704 18 706 .
81 667 171 709 Luc.
199 684 259 708 ιο.
286 682 322 718 7.

136 726 325 775 Advene,
358 728 474 778 inquit
493 724 534 765 S.
558 723 802 770 Athanasius,
840 723 1148 777 quemadmodum
1169 722 1341 775 undique

20 827 27 832 ,
82 791 222 840 cogitur
245 787 411 827 insudare
430 789 491 838 qui
509 787 629 825 docet.
657 784 753 826 Nam
769 815 781 834 ,
807 794 842 825 ut
865 785 1043 825 frumenta
1066 785 1270 824 dissolvere
1295 776 1340 824 et

83 853 245 902 ingrana
261 851 436 902 deinceps
459 851 729 894 comminuere,
753 862 824 887 non
847 848 1041 887 mediocris
1062 854 1115 886 est
1141 846 1262 891 iabou
1281 847 1342 886 εἷα

86 905 121 953 εἰ
142 917 201 965 qui
217 913 303 952 aiios
320 915 483 958 instruit,
502 925 652 950 necesse
669 917 725 950 est
746 910 792 950 ad
809 912 954 961 angoris
971 916 1006 948 et
1029 909 1190 948 taborum
1209 921 1252 947 se
1264 915 1338 947 to-

85 976 271 1015 lerantiam
289 980 477 1027 praeparet.
507 970 602 1011 Com
631 977 720 1011 vero
737 973 782 1011 de
803 975 968 1024 operario
985 972 1151 1020 disserit,
1174 971 1342 1010 ostendit

85 1051 314 1090 nequaquam
345 1036 442 1075 hunc
471 1041 641 1086 oportere
668 1033 817 1073 delicias
835 1041 870 1072 et
899 1047 959 1083 qui
951 1037 1059 1072 ietem
1094 1035 1346 1084 conquirere:

87 1102 269 1150 operarius
286 1112 442 1150 namque
469 1098 532 1136 sua
552 1096 680 1147 diguus
708 1102 762 1134 est
785 1075 978 1142 mercede,
1001 1095 1079 1133 sive
1096 1094 1180 1132 cibo
1199 1094 1346 1133 dix-eris

86 1168 123 1200 et
143 1171 258 1212 potu:
288 1162 350 1212 qui
377 1163 467 1199 vero
495 1157 584 1197 nihii
606 1165 799 1210 operatur,
822 1156 881 1195 vel
900 1155 957 1194 his
981 1156 1149 1206 indignus
1172 1167 1254 1194 esse
1270 1169 1343 1194 ar·—

89 1226 218 1276 guitur.

144 1286 188 1331 Ῡ.
213 1302 272 1340 19.
294 1285 479 1324 Aduersus
499 1285 789 1335 presbylcrum...

144 1348 352 1389 Set-undum
365 1379 376 1397 ,
393 1356 430 1388 nt
446 1350 481 1387 in
496 1348 571 1387 ilios
582 1349 760 1386 accusatio
778 1359 854 1385 non
865 1346 1069 1397 recipiatur,
1086 1346 1154 1384 nisi
1169 1358 1235 1396 per
1246 1343 1350 1384 duoe

87 1415 147 1449 aut
167 1416 239 1448 tres
260 1416 372 1448 testes
388 1410 551 1461 probata.

147 1468 223 1511 Ubi
243 1473 442 1510 notandum
464 1470 560 1522 quod
580 1483 654 1508 non
675 1469 760 1508 dicit
782 1484 791 1506 :
814 1467 1078 1522 Presbyterum
1101 1483 1150 1509 ue
1168 1468 1344 1517 damnes,

91 1538 183 1582 nisi,
205 1543 276 1574 etc.
296 1536 362 1574 sed
379 1537 654 1573 accusationem
675 1549 720 1572 ne
737 1535 918 1584 recipias,
944 1536 1032 1580 nisi,
1055 1542 1122 1573 etc-

147 1597 249 1649 Lege
267 1597 412 1650 quidem
431 1595 574 1649 Moysis
592 1597 750 1635 damnari
766 1610 876 1635 nemo
889 1602 1047 1647 poterat,
1069 1597 1138 1634 nisi
1156 1594 1260 1635 caus&
1274 1608 1350 1648 per

92 1660 184 1700 duos
204 1660 330 1699 saitem
349 1667 456 1699 testes
472 1659 623 1711 probata
639 1675 647 1698 ε
663 1658 727 1696 sed
741 1657 919 1708 piebeius,
940 1657 986 1696 ad
1001 1658 1106 1696 unius
1122 1658 1189 1696 viri
1201 1656 1348 1696 dimum

93 1726 173 1774 capi
193 1729 353 1773 poterat,
376 1729 412 1762 et
431 1728 557 1761 contra
577 1736 659 1762 eum
678 1723 820 1771 inquiri.

149 1782 238 1824 Non
259 1787 306 1823 ita
325 1785 372 1833 de
390 1786 628 1838 presbytero,
651 1790 724 1823 turn
742 1790 886 1835 propter
902 1781 1083 1822 honorem
1102 1784 1134 1821 ei
1150 1781 1345 1829 debitum,

93 1853 172 1886 tum
193 1848 276 1898 quia
306 1848 365 1896 qui
386 1851 514 1895 praeest
543 1853 579 1885 et
604 1845 692 1884 aiios
722 1847 891 1895 corrigit,
927 1843 1119 1882 multorum
1147 1848 1245 1895 patet
1263 1848 1348 1881 tum

94 1908 266 1954 invidiae,
289 1915 364 1946 turn
383 1906 475 1945 odiis
496 1913 531 1945 et
557 1907 767 1946 inimicitiis.

152 1968 252 2010 Hinc
264 1977 387 2010 contra
406 1983 470 2009 eos
485 1971 687 2020 exigendus
702 1971 845 2009 testium
865 1981 1050 2009 numerus.

91 2038 96 2042 “
149 2029 196 2073 Y.
215 2047 278 2071 20.
302 2032 504 2071 peccantes
523 2042 647 2071 coram
665 2030 878 2071 omnihus...

153 2089 312 2140 Quando
334 2098 454 2131 tamen
472 2093 611 2143 publica
626 2099 707 2132 sunt
733 2099 875 2145 peccata
890 2121 902 2141 ,
920 2100 1232 2143 quorumcumque
1247 2088 1345 2134 sint,

97 2155 176 2192 sive
209 2153 523 2203 presbyterorum,
555 2156 634 2193 sive
666 2154 859 2198 taicorum,
882 2155 980 2204 argui
995 2159 1030 2192 et
1058 2153 1185 2200 corrigi
1206 2150 1351 2188 debent

97 2215 241 2267 publice
256 2231 266 2256 ;
283 2220 322 2253 ut
340 2217 482 2262 caeteri,
502 2214 574 2254 hoc
590 2218 787 2268 punitionis
806 2215 976 2267 exemplo
989 2214 1173 2261 deterriti,
1193 2222 1353 2265 peccate

99 2278 262 2317 timeant.
