1462 2540
34 130 53 141 ..
373 69 556 127 utinm
569 96 793 127 musmo.
805 83 904 140 Gap.
918 86 971 129 V.
1222 93 1306 142 ¹⁷9

8 187 11 208 3
109 156 156 196 Sa·
179 159 288 210 quis,
320 155 529 208 vel-qun,
563 156 662 204 mk,
694 156 734 196 id
757 163 815 197 est
829 187 841 207 ‚
883 159 954 198 sibi
986 158 1164 210 sanguine
1204 171 1307 207 con-

8 255 12 266 ,
53 217 206 268 iunctis,
227 224 266 259 et
282 218 444 259 maxime
463 217 675 258 domesticis
689 247 703 268 ,
723 232 788 258 seu
814 219 885 259 sibi
910 218 1203 260 cohabitantibus
1224 232 1305 259 non

14 280 32 319 ζ
54 281 249 334 prospicit,
268 279 427 319 curando
443 287 483 319 ut
501 278 663 333 habeant
681 282 817 320 animae
836 288 873 320 et
898 283 1042 335 corpori
1067 283 1274 322 neeessaria
1287 295 1303 327 ς

111 341 244 380 Fidem
269 343 436 392 negavit,
458 341 497 381 id
525 348 609 391 est,
637 340 943 383 christianismum
962 357 1071 396 quem
1091 343 1306 396 profitetur,

24 432 32 451 7
53 400 125 441 Ιιέε
149 403 213 443 sua
237 403 396 448 duritia..
413 404 580 458 factoque
600 404 755 454 crudeli,
786 405 966 450 destruit;
998 413 1034 446 et
1050 405 1119 446 hac
1135 409 1174 444 in
1201 411 1307 458 parte

52 464 209 505 deterior
231 474 287 506 est
304 466 475 519 infideli,
507 470 569 521 qni
588 482 695 519 suos,
713 469 864 508 naturali
884 469 1057 509 instinctu
1081 475 1118 509 et
1141 469 1274 521 pietate
1286 497 1304 519 ,

52 532 164 566 curat.

108 585 198 628 Ideo
218 592 339 642 itaque
359 591 542 641 deterior,
569 593 652 645 qnia
679 591 934 643 inhumanior,
962 599 999 633 et
1027 587 1113 644 quia
1138 590 1249 631 fule
1238 603 1308 630 in-

52 654 224 700 structus,
247 665 323 690 non
338 651 422 692 sacit
442 653 543 704 quod
565 652 726 693 infidelis
745 651 829 693 facit
845 655 979 705 pietate
1000 656 1138 694 tantum
1155 650 1310 692 naturali

15 723 25 750 ἱ
54 709 196 749 ductus.

14 764 19 813 s
110 769 212 811 Hinc
235 770 361 822 collige
391 773 511 824 primo
528 803 540 822 ,
570 770 766 814 Christiani
787 781 932 826 peccata
959 777 1164 816 enormiora
1181 805 1192 827 ,
1219 776 1309 828 quia

7 831 26 840 ’“’
53 832 314 882 transgreditur
339 831 409 873 Dei
426 833 650 874 voluntatem
669 837 741 875 sibi
756 835 884 874 melius
904 842 1043 875 notam.

0 945 1 953 7
111 889 255 944 Collige
274 896 438 935 secundo
450 925 462 944 ‚
479 897 579 948 quod
601 899 775 951 operibus
788 899 920 936 nostris
938 899 1118 949 possimus
1133 909 1198 948 per
1212 908 1308 935 om-

53 958 116 996 nia
137 957 307 1005 credere,
323 964 360 998 et
385 972 448 1011 per
469 962 591 999 omnia
606 961 719 1000 fidem
738 963 931 1013 abnegare.

0 1014 4 1022 ἶ
110 1016 303 1058 Credimus
318 1049 329 1067 ,
348 1022 377 1059 si
392 1023 491 1070 juxta
511 1021 624 1061 fidem
642 1035 848 1074 operamur.

109 1076 243 1119 Fidem
260 1082 486 1133 abnegamus
499 1111 511 1130 ,
528 1085 559 1122 si
584 1083 668 1122 fidei
688 1084 865 1122 contraria
881 1080 1068 1121 faciamus.

108 1137 217 1181 Fidei
235 1142 513 1194 abnegationem
528 1173 539 1194 ,
558 1146 776 1196 apostasiam
794 1143 986 1183 horremus
1005 1143 1312 1186 verbalermroe-
1371 1150 1374 1151 ’

53 1199 129 1239 lem
156 1213 234 1241 uon
252 1201 444 1244 horremus
473 1219 484 1243 :
507 1204 627 1256 lingua
651 1205 767 1244 fidem
794 1203 1029 1256 profitemur,
1050 1202 1154 1243 sactis
1170 1215 1314 1254 negare

10 1292 13 1295 -
55 1275 132 1302 non
149 1266 410 1307 erubescimus.

111 1321 250 1377 Collige
272 1330 377 1367 tertio
395 1356 407 1376 ‚
436 1334 570 1380 quanta
589 1328 726 1367 debeat
749 1340 830 1367 esse
858 1329 1023 1366 omnium
1050 1325 1221 1378 quidem,
1240 1324 1312 1365 sed

11 1425 13 1427 ,
56 1391 218 1431 maxime
238 1392 467 1442 praelatorum
482 1423 494 1442 ‚
517 1400 659 1445 panum
673 1422 684 1441 ‚
706 1393 943 1432 dominorum
968 1405 1051 1432 cura
1073 1392 1121 1431 de
1147 1393 1248 1436 suis';
1271 1396 1311 1430 et

57 1450 104 1489 ad
123 1450 203 1491 haec
216 1454 387 1492 terribilia
415 1453 466 1493 D.
487 1452 593 1493 Pauli
614 1456 727 1497 verba
756 1453 1040 1506 exspergefacti,
1066 1459 1227 1507 paveant
1257 1452 1311 1492 ob

60 1522 145 1550 suas
161 1512 208 1551 de
225 1515 298 1551 suis
319 1513 575 1565 negligentias:
600 1516 732 1553 Fidem
753 1517 948 1565 negavit...-

113 1565 159 1611 Ῠ.
181 1585 221 1625 9.
237 1568 367 1610 Vidua
383 1574 543 1624 eligatur
562 1589 639 1614 non
657 1577 779 1614 mimis
794 1575 993 1625 sexaginta
998 1602 1059 1613 .....
1076 1570 1165 1624 Agit
1186 1573 1248 1612 hic
1260 1572 1311 1611 de

58 1631 180 1671 viduis
202 1633 477 1683 ecclesiasticis,
501 1650 566 1676 seu
598 1636 744 1690 publico
776 1634 952 1676 Ecclesiae
976 1642 1122 1687 sumptu
1142 1634 1312 1684 alendis,

59 1696 248 1747 variasque
279 1697 511 1738 conditiones
531 1701 690 1751 assignat
712 1700 934 1738 necessarias
959 1704 997 1737 ut
1027 1710 1108 1749 quae
1127 1699 1164 1736 in
1182 1709 1311 1736 earum

3 1758 11 1772 ¹
61 1764 195 1798 coetum
215 1766 447 1811 aggregetur.=
1085 1760 1094 1763 s

114 1824 224 1866 Tunc
241 1841 328 1879 ergo
347 1836 461 1868 coetus
480 1837 582 1870 erant
604 1830 797 1870 viduarum
813 1835 919 1870 aetate
937 1835 975 1869 et
991 1829 1180 1869 sanctitate
1195 1838 1311 1866 vene*

62 1889 249 1940 rabilium,
267 1895 505 1933 continentiae
532 1902 623 1933 voto
654 1895 928 1942 obstrictarum,
948 1892 1053 1932 simul
1070 1903 1313 1930 commoran-

61 1953 150 1991 tium
164 1983 176 2002 ,
198 1963 371 2006 perpetuo
394 1956 465 1996 Dei
483 1963 519 1996 et
539 1954 719 1997 Ecclesiae
732 1958 911 2009 obsequio
929 1958 1185 1996 insistentium.

118 2013 192 2055 Hae
211 2017 329 2058 viduae
350 2033 398 2060 ex
414 2019 577 2061 fidelium
594 2022 838 2062 oblationibus
855 2021 1058 2070 alebantur,
1080 2024 1173 2060 sicut
1188 2025 1223 2059 et
1237 2032 1311 2059 ee·-

62 2074 261 2117 clesiastici.
830 2097 832 2099 -
1143 2098 1146 2099 ν

116 2133 178 2175 Ex
199 2137 266 2175 illis
296 2138 519 2189 eligebantur
535 2142 768 2191 diaconissae,
800 2156 881 2196 quae
910 2144 1049 2183 caeteris
1074 2145 1306 2192 praeessent,

11 2248 14 2250 7
60 2198 251 2238 mulierum
282 2203 320 2240 in
355 2204 500 2254 templis
515 2209 714 2245 conventui
730 2206 987 2258 invigilarent,
1010 2217 1091 2255 quae
1115 2204 1301 2254 imperitas

1 2268 26 2322 sss,
62 2261 304 2310 instruerent,
328 2277 408 2315 quae
444 2265 678 2317 baptizandas
698 2269 893 2317 juvarent·
912 2266 995 2306 haec
1014 2280 1063 2306 ex
1078 2263 1228 2350 'ly-rino
1244 2264 1307 2316 qui

61 2323 144 2362 citat
158 2330 336 2366 auctores.
