1448 2540
381 111 562 142 ramex
587 111 817 142 exposnio.
844 100 940 152 cop.
957 95 1008 141 ⁷1,
1273 113 1340 157 ⁷9

131 170 283 215 sunm
304 183 435 211 eorum
455 170 558 218 filiis,
578 171 610 210 si
630 171 718 219 justi
734 169 909 218 fuissent,
925 170 1170 221 justitiamque
1181 181 1339 221 semper

75 235 282 277 servassent
296 264 309 283 ‚
336 233 397 273 lex
415 233 496 273 data
511 232 659 278 suisset.
680 239 809 285 utpote
829 246 907 272 non
921 234 1139 272 necessaria.

131 295 210 337 sed
225 298 310 348 quia
342 294 425 334 mali
443 302 481 334 et
499 297 622 345 injusti
638 301 833 335 evaserunt
844 325 856 343 ,
876 294 963 334 hinc
985 295 1045 335 lex
1060 297 1114 334 eis
1129 298 1340 337 necessaria

32 407 35 408 ⁷
77 358 146 400 suit
165 360 212 399 ad
229 372 295 398 eos
310 359 357 397 ab
374 359 564 407 injustitia,
585 371 776 409 poenarum
791 360 941 405 timore,
961 359 1205 411 coercendos,
1228 366 1269 400 et
1281 359 1335 400 aa

78 433 145 459 eos
159 449 169 469 ,
191 421 423 471 praemiorum
436 432 525 469 spe,
548 418 596 457 ad
613 420 786 470 justitiam
808 418 1029 458 alliciendos.

139 489 218 531 Hic
237 494 357 544 itaque
376 489 424 531 D.
445 488 579 530 Paulus
597 497 696 530 taxat
716 491 978 544 confunditque
998 489 1146 531 Judaeos
1169 492 1258 542 qui,
1280 491 1340 531 ob

82 554 202 605 legem
222 554 290 592 sibi
318 553 437 592 datam
469 554 712 605 gloriabantur
725 583 738 604 ‚
770 555 823 593 ob
843 567 951 605 quarn
973 560 1095 594 tamen
1115 556 1339 594 erubescere

83 620 199 667 magis
211 615 444 663 debuissent,
465 619 548 654 cum
561 614 619 654 lex
635 622 814 669 supponat
829 622 865 656 et
876 622 998 667 arguat
1010 629 1135 655 eorum
1152 617 1340 669 propriam

16 697 22 703 ·
82 683 121 717 et
139 683 279 728 patrum
297 689 446 715 suorum
466 676 651 715 malitiam.

137 737 180 779 Si
200 740 283 787 justi
305 737 456 778 fuissent
474 741 567 778 sicut
592 739 708 778 sancti
726 737 960 789 patriarchae,
975 738 1035 778 lex
1053 741 1109 779 eis
1130 739 1340 779 necessaria

82 814 160 841 non
175 799 324 846 fuisset,
344 807 382 839 et
397 806 668 853 consequenter
682 802 734 840 eis
753 800 925 839 data-non
945 799 1084 840 suisset.

142 861 291 903 Extollit
305 869 428 903 autem
446 861 671 903 Christianos
684 893 693 908 ,
706 876 772 914 per
787 861 974 915 Baptisma
988 863 1199 914 justificatos
1213 892 1226 911 ,
1242 863 1338 901 insi—

88 931 245 975 nuatque
261 924 380 974 legem
410 927 463 962 eis
491 927 731 963 necessariam
762 939 837 964 non
872 939 980 973 esse,
1011 931 1141 977 utpote
1165 926 1226 976 qui
1252 925 1340 974 justi

87 992 195 1031 sunt,
220 988 356 1037 quippe
379 998 428 1024 ex
444 998 571 1025 amore
586 988 733 1035 justitiae
754 986 890 1027 faciunt
909 1000 990 1039 quae
1010 987 1073 1028 lex
1095 989 1257 1041 praecipit
1278 988 1339 1026 ti·-

87 1061 192 1088 more
212 1061 357 1100 poenae.
1188 1055 1193 1058 ·

140 1108 233 1150 Sunt
246 1123 354 1161 supra
370 1108 491 1161 legem
505 1137 516 1157 ‚
534 1122 611 1148 non
623 1110 690 1147 sub
705 1108 784 1159 lege
796 1137 807 1157 ‚
822 1109 869 1147 ait
884 1105 933 1148 D.
948 1104 1236 1162 Chrysostomus
1251 1123 1262 1155 ς
1275 1123 1348 1149 su-

90 1187 155 1226 pra
183 1173 300 1226 legem
331 1175 485 1219 vivunt,
520 1174 603 1223 quia
642 1173 778 1222 majora
807 1170 1000 1222 perficiunt
1026 1175 1138 1224 quarn
1165 1174 1242 1224 ipsa
1278 1172 1353 1212 lex

91 1235 272 1284 praecipir.
291 1232 408 1272 ldern.

149 1285 319 1327 Medicus
341 1293 494 1338 aegroto,
521 1299 597 1326 non
619 1285 761 1325 homini
778 1299 868 1327 sano
887 1288 1125 1327 necessarius.

147 1345 311 1389 Frenum
331 1362 427 1400 equo
447 1348 628 1393 indomito
648 1349 917 1398 necessarium,
937 1360 1014 1386 non
1033 1354 1241 1388 mansueto.
1262 1345 1344 1389 Di-

92 1426 162 1452 vus
181 1410 469 1464 Cbrysostomus
488 1418 524 1450 et
543 1409 817 1450 Theodoretus.

149 1474 224 1511 Sed
246 1474 407 1525 injustis.
429 1469 498 1511 Gr.
514 1468 677 1522 ἀγὸμοις
690 1499 702 1517 ‚
718 1470 906 1521 exlegibus
918 1499 929 1518 ‚
943 1469 982 1509 id
993 1477 1048 1510 est
1060 1499 1071 1518 ‚
1093 1472 1152 1522 qui
1166 1470 1236 1510 sibi
1249 1471 1351 1522 ipsi,

95 1548 161 1587 per
178 1536 327 1573 rationis
344 1547 447 1573 usum
460 1562 472 1581 ‚
494 1547 571 1572 non
585 1538 666 1571 sunt
687 1532 762 1570 lex.

157 1596 206 1635 Ec
224 1611 298 1634 nun
322 1596 489 1634 subditis.
523 1591 590 1633 Gr.
614 1588 927 1640 ἀνυποτάκτοις,
947 1591 1166 1641 effrenibus,
1185 1592 1348 1632 inobse-

97 1658 292 1709 quentibus
306 1685 318 1703 ‚
339 1657 534 1707 injugibus.

156 1715 215 1757 Ex
233 1717 333 1756 malis
355 1717 517 1756 moribus
537 1723 631 1755 natae
648 1722 733 1755 sunt
751 1716 864 1756 bonae
883 1714 995 1766 leges.

151 1778 234 1820 Lex
258 1781 296 1818 in
316 1772 439 1830 lap'ide
457 1777 523 1818 suit
541 1778 717 1828 insculpta
732 1809 745 1828 ,
763 1785 802 1817 ut
821 1781 858 1817 in
878 1777 1070 1816 hominum
1087 1775 1259 1815 cordibus
1279 1776 1350 1814 in-

98 1840 320 1892 sculperetur
338 1845 450 1877 :ante
470 1837 594 1877 oculos
610 1851 738 1877 eorum
757 1837 823 1877 suit
840 1839 1006 1889 exposita
1020 1866 1032 1887 ‚
1049 1843 1087 1876 ut
1104 1837 1144 1875 in
1159 1835 1351 1875 mentibus

98 1913 226 1939 eorum
242 1901 523 1951 imprimeretur.

157 1963 352 2016 Nunquam
367 1976 489 2003 autem
505 1963 642 2015 sculpta
660 1962 786 2004 suisset
810 1965 848 2002 in
869 1962 989 2014 lapide
1002 1993 1012 2012 ‚
1035 1963 1065 2001 si
1092 1974 1279 2013 nunquam
1298 1972 1354 2000 ex

104 2027 273 2066 cordibus
289 2026 413 2066 suisset
434 2026 633 2078 exsculpta.

158 2088 357 2143 Nunquam
378 2091 491 2130 oculis
515 2092 701 2142 corporeis
720 2091 910 2142 exposita,
926 2091 958 2129 si
976 2101 1163 2140 nunquam
1182 2089 1220 2126 in
1236 2099 1364 2126 men-

100 2151 200 2190 tibus
221 2150 347 2190 fuisset
367 2152 499 2192 deleta.
1349 2160 1355 2163 ”

156 2208 197 2250 Si
214 2210 262 2249 ad
281 2217 416 2250 rectam
437 2213 636 2259 rationem,
660 2212 852 2262 legemque
886 2209 1084 2250 naturalem
1112 2210 1151 2248 in
1181 2207 1361 2248 cordibus

103 2277 177 2315 suis
191 2274 408 2326 insculptam
425 2275 616 2315 advertere
632 2276 860 2324 voluissent,
889 2275 950 2314 lex
977 2275 1032 2313 eis
1062 2272 1133 2312 alia
1161 2284 1356 2325 nunquam.

118 2337 199 2377 data
213 2336 352 2378 fuisset.
