1462 2540
35 114 44 141 ἕ
391 80 572 118 mm
597 78 827 115 mommio.
853 69 949 126 cap.
978 69 1036 116 V.
1255 70 1343 117 aas

35 149 43 167 ’ἴ
79 150 260 206 pmia'cm
275 146 503 199 mirga-itas
530 151 620 184 ante
631 157 786 197 pot-cos,-
805 143 982 184 ordines·
970 145 1122 197 impuris
1137 150 1177 186 et
1201 145 1338 198 ignaris

82 209 309 254 conserendo
320 238 333 259 ‚
349 220 503 260 quorum
523 205 695 258 indignos
705 218 748 246 se
761 211 974 258 reputarent
984 203 1119 257 angeli.

26 266 29 267 ⁷
145 273 316 326 Τειζυεωη
330 275 476 309 castum
495 268 650 308 custodi.

139 333 290 376 Castum
306 339 343 374 et
365 329 724 385 irreprehensibilem
743 330 886 369 invenit
915 328 1015 369 illum
1034 324 1338 380 Apostolus,et

83 401 276 442 ordinavit.
287 396 388 438 Hinc
405 399 479 436 ait.
498 397 652 436 Castum
668 402 704 435 te
717 409 820 434 serva
837 401 871 434 et
892 394 1182 444 immaculatum,
1200 400 1242 434 ut
1256 397 1334 434 sci·

80 464 188 510 licet,
219 462 382 511 juvenis,
415 462 531 512 possis
557 473 673 500 senes-
693 457 898 510 impudicos
923 470 1096 508 arguere,
1129 462 1168 496 et
1196 458 1237 496 in
1263 469 1333 504 eos

82 521 347 564 indeclinabilia
364 534 534 561 exercere
549 520 694 571 judicia.

140 582 183 631 f.
217 582 280 624 23.
308 583 404 623 Noli
430 583 556 622 adhuc
583 596 764 636 aquam...
794 578 863 622 Gr.
889 594 939 622 ne
965 578 1129 631 amplius.
1159 576 1246 632 Syr.
1279 593 1333 620 ne

7 668 10 672 v
82 646 247 699 posthac.

141 707 183 747 ld
201 713 277 754 est,
309 719 358 745 ne
377 712 568 758 propterea
589 706 695 745 bibas
722 705 876 758 posthac
905 717 1035 756 aquam
1063 717 1223 752 meram,
1246 715 1336 742 cunt

79 781 182 814 tanto
197 771 412 811 valetudinis
431 778 504 811 tuae
522 771 714 822 dispendio
733 789 743 818 ;

19 828 29 844 ⁵
135 836 211 876 Sed
234 835 378 874 modico
393 835 480 874 vino
499 842 598 873 utere
610 862 624 882 ,
650 834 689 874 id
711 841 786 882 est,
809 835 898 872 vino
914 834 1013 872 bene
1030 833 1163 881 diluto,
1183 837 1335 884 propter

79 896 261 938 stomachi
279 899 329 935 tui
346 896 590 942 infirmitatem
601 924 612 943 ‚
633 902 669 935 et
681 895 765 935 alias
781 895 911 948 quibus
929 894 1138 945 frequenter
1150 893 1305 932 laboras.

138 957 237 1010 Ergo
255 955 426 1010 Apostoli
448 965 484 997 et
501 956 686 1010 apostolici
706 958 794 1004 viri,
826 963 954 1008 praeter
976 956 1116 995 labores
1137 956 1337 994 continuos

80 1027 118 1062 et
131 1019 376 1061 Ecclesiarum
395 1018 654 1059 sollicitudines
669 1045 681 1066 ‚
700 1018 919 1057 abstinentia
935 1031 1066 1068 corpus
1082 1030 1188 1057 suum
1205 1014 1333 1056 afflic-

12 1099 17 1103 ·
78 1084 219 1123 tabant.

136 1137 184 1185 Ῠ.
209 1141 272 1191 24.
293 1142 551 1193 Quorumdam
572 1141 764 1179 hominum
782 1146 980 1192 peccata...

135 1202 252 1243 Redit
271 1203 317 1242 ad
332 1202 614 1242 ordinandorum
632 1216 789 1242 examen
802 1231 814 1250 ‚
833 1202 881 1240 de
900 1215 972 1252 quo
987 1195 1033 1241 7⁵.
1057 1213 1123 1238 22.
1136 1205 1173 1239 et
1190 1197 1334 1239 Timo-

80 1264 209 1305 iheum
227 1266 333 1304 tacite
350 1271 476 1303 monet
504 1270 544 1302 ut
574 1263 620 1302 de
639 1262 927 1301 ordinandorum
941 1290 951 1309 ‚
977 1274 1051 1300 non
1069 1259 1172 1298 malis
1189 1263 1334 1300 tanturn

81 1327 254 1378 operibus
266 1355 277 1374 ,
297 1326 364 1366 sed
382 1332 416 1366 et
439 1325 485 1366 de
501 1326 606 1365 bonis
626 1324 816 1376 diligenter
837 1325 991 1376 inquirat
1010 1337 1021 1361 ι
1040 1335 1086 1362 ne
1102 1320 1237 1361 scilicet
1262 1324 1331 1362 in-

77 1389 216 1441 dign-os
227 1389 390 1430 ordinet.

138 1448 254 1500 Quod
273 1454 315 1489 ut
331 1451 491 1489 exactius
508 1449 613 1489 saciat
632 1455 668 1488 et
686 1448 846 1487 securius
860 1476 870 1496 ‚
893 1447 1079 1498 distinguit
1093 1451 1335 1497 peccatorum

82 1523 231 1563 genera.

137 1570 230 1612 Sunt
248 1573 346 1611 enim
380 1571 547 1624 quidam,
578 1585 730 1622 quorum
760 1576 916 1621 peccata
945 1568 1146 1619 mamsesta
1178 1575 1265 1607 sunt
1293 1575 1335 1608 et

82 1636 255 1676 omnibus
276 1641 362 1674 nota
376 1665 387 1684 ‚
411 1636 597 1675 communi
619 1634 810 1673 hominum
825 1632 919 1672 sama
933 1662 944 1681 ,
966 1639 1052 1672 ante
1070 1631 1334 1684 quodcumque

83 1708 240 1734 examen
259 1702 296 1735 et
312 1695 498 1744 judicium.

138 1754 189 1795 Et
217 1756 266 1796 de
290 1756 348 1796 his
377 1757 468 1796 nihil
492 1755 770 1807 inquirendum,
804 1754 871 1794 sed
890 1755 1034 1806 penitus
1061 1750 1267 1803 rejiciendi,
1287 1760 1331 1793 ut

34 1865 38 1867 ‚
79 1819 313 1859 ordinatione
330 1818 496 1871 indigni·
515 1819 651 1858 debent
671 1819 769 1857 enim
793 1816 981 1856 ordinandi
1000 1828 1081 1855 esse
1103 1814 1270 1866 inculpati
1290 1821 1331 1855 et

81 1893 227 1938 prorsus
246 1878 593 1932 irreprehensibiles·

141 1941 332 1993 Quosdam
362 1949 487 1980 autem
514 1947 549 1979 el
577 1940 856 1990 subsequuntur.
895 1935 989 1978 Sunt
1014 1937 1088 1986 alii,
1121 1940 1142 1976 ὲ
1175 1942 1326 1986 contra,

81 2016 235 2054 quorum
262 2009 407 2054 peccata
428 2009 510 2042 sunt
535 2001 770 2047 abscondita3
804 2002 939 2052 quippe
967 2002 1026 2051 qui
1057 2000 1332 2051 presbyterium

81 2062 306 2112 ambientes,
326 2065 412 2103 vitia
430 2077 493 2103 sua
514 2063 581 2104 sub
601 2062 756 2115 quadam
770 2063 966 2101 sanctitatis
980 2062 1102 2114 specie
1118 2058 1330 2099 occultant:

138 2120 187 2161 Et
202 2122 242 2161 hi
258 2093 447 2175 diligenter
457 2131 540 2164 sunt
555 2124 813 2164 examinandi:
826 2123 903 2162 de
894 2124 936 2162 iis
951 2123 1138 2162 accurate
1129 2121 1327 2173 inquiren-

81 2181 194 2232 dum,
218 2189 279 2233 ut,
306 2187 337 2223 si
361 2191 443 2237 post
469 2198 649 2235 examen,
675 2184 868 2225 manifesta
880 2184 967 2225 fiant
994 2186 1031 2224 in
1050 2182 1206 2236 judicio,
1231 2181 1330 2232 resi-e

82 2247 231 2285 ciantur.

136 2302 189 2355 Υ.
212 2306 277 2346 25.
295 2304 477 2347 Similiter
491 2315 527 2347 et
542 2305 646 2347 facta
665 2308 805 2348 bona...
1154 2357 1181 2402 ὃ

270 2373 312 2403 V·
1183 2390 1199 2403 ι
