<?xml version="1.0" encoding="UTF-8"?>
<!DOCTYPE html PUBLIC "-//W3C//DTD XHTML 1.0 Transitional//EN"
    "http://www.w3.org/TR/xhtml1/DTD/xhtml1-transitional.dtd">
<html xmlns="http://www.w3.org/1999/xhtml" xml:lang="en" lang="en">
 <head>
  <title>
</title>
<meta http-equiv="Content-Type" content="text/html;charset=utf-8" />
  <meta name='ocr-system' content='tesseract 3.04.00' />
  <meta name='ocr-capabilities' content='ocr_page ocr_carea ocr_par ocr_line ocrx_word'/>
</head>
<body>
  <div class='ocr_page' id='page_1' title='image "./epistolaumbpauli05picq_0267.png"; bbox 0 0 1462 2540; ppageno 0'>
   <div class='ocr_carea' id='block_1_1' title="bbox 0 0 1333 544">
    <p class='ocr_par' dir='ltr' id='par_1_1' title="bbox 0 0 1333 544">
     <span class='ocr_line' id='line_1_1' title="bbox 0 0 1333 36; baseline -0.004 5"><span class='ocrx_word' id='word_1_1' title='bbox 0 0 460 30; x_wconf 26' lang='lat' dir='ltr'>ffl-———r-—-jj</span> <span class='ocrx_word' id='word_1_2' title='bbox 1273 26 1285 34; x_wconf 69' lang='lat' dir='ltr'><strong>o</strong></span> <span class='ocrx_word' id='word_1_3' title='bbox 1332 33 1333 36; x_wconf 68' lang='grc'>,</span> 
     </span>
     <span class='ocr_line' id='line_1_2' title="bbox 389 45 1317 103; baseline 0.002 -11"><span class='ocrx_word' id='word_1_4' title='bbox 389 61 563 93; x_wconf 69' lang='lat' dir='ltr'>num</span> <span class='ocrx_word' id='word_1_5' title='bbox 582 59 810 90; x_wconf 70' lang='lat' dir='ltr'>nxtosrno.</span> <span class='ocrx_word' id='word_1_6' title='bbox 841 48 937 103; x_wconf 73' lang='lat' dir='ltr'>Cap.</span> <span class='ocrx_word' id='word_1_7' title='bbox 962 45 1027 90; x_wconf 81' lang='lat'>11.</span> <span class='ocrx_word' id='word_1_8' title='bbox 1227 52 1317 94; x_wconf 73' lang='lat'>253</span> 
     </span>
     <span class='ocr_line' id='line_1_3' title="bbox 15 117 1315 176; baseline -0.005 -9"><span class='ocrx_word' id='word_1_9' title='bbox 15 165 17 167; x_wconf 85' lang='grc'><em>,</em></span> <span class='ocrx_word' id='word_1_10' title='bbox 130 122 354 176; x_wconf 70' lang='lat' dir='ltr'>Testificaaes</span> <span class='ocrx_word' id='word_1_11' title='bbox 374 133 501 161; x_wconf 64' lang='lat' dir='ltr'>mn</span> <span class='ocrx_word' id='word_1_12' title='bbox 531 119 706 165; x_wconf 76' lang='lat' dir='ltr'>Domino,</span> <span class='ocrx_word' id='word_1_13' title='bbox 736 117 775 157; x_wconf 87' lang='lat' dir='ltr'>id</span> <span class='ocrx_word' id='word_1_14' title='bbox 794 122 868 167; x_wconf 66' lang='lat' dir='ltr'>ed,</span> <span class='ocrx_word' id='word_1_15' title='bbox 901 121 1061 171; x_wconf 69' lang='lat' dir='ltr'>cumque</span> <span class='ocrx_word' id='word_1_16' title='bbox 1084 131 1150 159; x_wconf 87' lang='lat' dir='ltr'>eos</span> <span class='ocrx_word' id='word_1_17' title='bbox 1178 119 1227 159; x_wconf 87' lang='lat' dir='ltr'>de</span> <span class='ocrx_word' id='word_1_18' title='bbox 1250 120 1315 161; x_wconf 82' lang='lat' dir='ltr'>his</span> 
     </span>
     <span class='ocr_line' id='line_1_4' title="bbox 0 181 1313 236; baseline -0.007 -5"><span class='ocrx_word' id='word_1_19' title='bbox 0 222 8 231; x_wconf 96' lang='lat'>.</span> <span class='ocrx_word' id='word_1_20' title='bbox 71 190 273 235; x_wconf 69' lang='lat' dir='ltr'>admones,</span> <span class='ocrx_word' id='word_1_21' title='bbox 304 184 486 226; x_wconf 77' lang='lat' dir='ltr'>Christum</span> <span class='ocrx_word' id='word_1_22' title='bbox 516 181 719 223; x_wconf 89' lang='lat' dir='ltr'>Dominum</span> <span class='ocrx_word' id='word_1_23' title='bbox 751 188 946 232; x_wconf 78' lang='lat' dir='ltr'>attestare,</span> <span class='ocrx_word' id='word_1_24' title='bbox 976 189 1147 236; x_wconf 85' lang='lat' dir='ltr'>tanquam</span> <span class='ocrx_word' id='word_1_25' title='bbox 1177 184 1313 235; x_wconf 66' lang='lat' dir='ltr'>harum</span> 
     </span>
     <span class='ocr_line' id='line_1_5' title="bbox 74 242 1311 298; baseline -0.004 -8"><span class='ocrx_word' id='word_1_26' title='bbox 74 252 238 291; x_wconf 81' lang='lat' dir='ltr'>omnim</span> <span class='ocrx_word' id='word_1_27' title='bbox 259 247 450 288; x_wconf 77' lang='lat' dir='ltr'>veritatum</span> <span class='ocrx_word' id='word_1_28' title='bbox 475 251 681 292; x_wconf 78' lang='lat' dir='ltr'>auctorem,</span> <span class='ocrx_word' id='word_1_29' title='bbox 700 251 738 284; x_wconf 87' lang='lat' dir='ltr'>et</span> <span class='ocrx_word' id='word_1_30' title='bbox 762 242 899 283; x_wconf 83' lang='lat' dir='ltr'>illarum</span> <span class='ocrx_word' id='word_1_31' title='bbox 929 245 1159 298; x_wconf 75' lang='lat' dir='ltr'>contemptus</span> <span class='ocrx_word' id='word_1_32' title='bbox 1180 246 1311 285; x_wconf 84' lang='lat' dir='ltr'>vindi-</span> 
     </span>
     <span class='ocr_line' id='line_1_6' title="bbox 74 321 197 355; baseline 0 -5"><span class='ocrx_word' id='word_1_33' title='bbox 74 321 197 355; x_wconf 69' lang='lat' dir='ltr'>cerm-</span> 
     </span>
     <span class='ocr_line' id='line_1_7' title="bbox 128 365 1319 414; baseline -0.001 -7"><span class='ocrx_word' id='word_1_34' title='bbox 128 367 180 410; x_wconf 90' lang='lat' dir='ltr'>Ut</span> <span class='ocrx_word' id='word_1_35' title='bbox 194 365 263 406; x_wconf 66' lang='lat' dir='ltr'>hac</span> <span class='ocrx_word' id='word_1_36' title='bbox 277 365 563 405; x_wconf 68' lang='lat' dir='ltr'><strong>commonitione</strong></span> <span class='ocrx_word' id='word_1_37' title='bbox 584 369 621 403; x_wconf 87' lang='lat' dir='ltr'>et</span> <span class='ocrx_word' id='word_1_38' title='bbox 636 365 866 403; x_wconf 85' lang='lat' dir='ltr'>attestatione</span> <span class='ocrx_word' id='word_1_39' title='bbox 885 368 1077 414; x_wconf 84' lang='lat' dir='ltr'>commoti,</span> <span class='ocrx_word' id='word_1_40' title='bbox 1097 372 1250 406; x_wconf 78' lang='lat' dir='ltr'>caveant</span> <span class='ocrx_word' id='word_1_41' title='bbox 1264 369 1319 407; x_wconf 83' lang='lat' dir='ltr'>ab</span> 
     </span>
     <span class='ocr_line' id='line_1_8' title="bbox 18 422 1323 478; baseline -0.002 -6"><span class='ocrx_word' id='word_1_42' title='bbox 18 434 22 437; x_wconf 83' lang='lat'>&#39;</span> <span class='ocrx_word' id='word_1_43' title='bbox 74 429 288 472; x_wconf 82' lang='lat' dir='ltr'>infidelitate</span> <span class='ocrx_word' id='word_1_44' title='bbox 303 457 313 472; x_wconf 90' lang='lat'>,</span> <span class='ocrx_word' id='word_1_45' title='bbox 344 430 578 478; x_wconf 82' lang='lat' dir='ltr'>perseverent</span> <span class='ocrx_word' id='word_1_46' title='bbox 604 426 642 463; x_wconf 90' lang='lat' dir='ltr'>in</span> <span class='ocrx_word' id='word_1_47' title='bbox 662 424 758 469; x_wconf 83' lang='lat' dir='ltr'>fide,</span> <span class='ocrx_word' id='word_1_48' title='bbox 788 432 825 464; x_wconf 88' lang='lat' dir='ltr'>et</span> <span class='ocrx_word' id='word_1_49' title='bbox 844 438 908 476; x_wconf 88' lang='lat' dir='ltr'>pro</span> <span class='ocrx_word' id='word_1_50' title='bbox 935 422 1082 466; x_wconf 86' lang='lat' dir='ltr'>Christo</span> <span class='ocrx_word' id='word_1_51' title='bbox 1109 433 1323 469; x_wconf 73' lang='lat' dir='ltr'>constanter</span> 
     </span>
     <span class='ocr_line' id='line_1_9' title="bbox 74 487 817 544; baseline -0.004 -15"><span class='ocrx_word' id='word_1_52' title='bbox 74 494 276 544; x_wconf 74' lang='lat' dir='ltr'>patiamur3</span> <span class='ocrx_word' id='word_1_53' title='bbox 294 489 326 527; x_wconf 88' lang='lat' dir='ltr'>si</span> <span class='ocrx_word' id='word_1_54' title='bbox 338 500 491 527; x_wconf 66' lang='lat' dir='ltr'>necesse</span> <span class='ocrx_word' id='word_1_55' title='bbox 505 492 585 535; x_wconf 88' lang='lat' dir='ltr'>est,</span> <span class='ocrx_word' id='word_1_56' title='bbox 605 487 817 526; x_wconf 85' lang='lat' dir='ltr'>moriantur.</span> 
     </span>
    </p>
   </div>
   <div class='ocr_carea' id='block_1_2' title="bbox 417 596 965 626">
    <p class='ocr_par' dir='ltr' id='par_1_2' title="bbox 417 596 965 626">
     <span class='ocr_line' id='line_1_10' title="bbox 417 596 965 626; baseline 0 -2"><span class='ocrx_word' id='word_1_57' title='bbox 417 596 740 626; x_wconf 58' lang='lat' dir='ltr'>onsnnvarlousss</span> <span class='ocrx_word' id='word_1_58' title='bbox 761 596 965 626; x_wconf 58' lang='lat' dir='ltr'>nonnus.</span> 
     </span>
    </p>
   </div>
   <div class='ocr_carea' id='block_1_3' title="bbox 78 675 1335 2050">
    <p class='ocr_par' dir='ltr' id='par_1_3' title="bbox 78 675 1325 911">
     <span class='ocr_line' id='line_1_11' title="bbox 133 675 1323 730; baseline -0.001 -11"><span class='ocrx_word' id='word_1_59' title='bbox 133 678 221 720; x_wconf 90' lang='lat' dir='ltr'>Non</span> <span class='ocrx_word' id='word_1_60' title='bbox 234 680 354 718; x_wconf 78' lang='lat' dir='ltr'>minus</span> <span class='ocrx_word' id='word_1_61' title='bbox 370 683 407 716; x_wconf 90' lang='lat' dir='ltr'>et</span> <span class='ocrx_word' id='word_1_62' title='bbox 422 690 489 716; x_wconf 86' lang='lat' dir='ltr'>nos</span> <span class='ocrx_word' id='word_1_63' title='bbox 504 681 612 728; x_wconf 72' lang='lat' dir='ltr'>quam</span> <span class='ocrx_word' id='word_1_64' title='bbox 628 676 757 716; x_wconf 68' lang='lat' dir='ltr'>fideles</span> <span class='ocrx_word' id='word_1_65' title='bbox 774 676 821 716; x_wconf 86' lang='lat' dir='ltr'>illi</span> <span class='ocrx_word' id='word_1_66' title='bbox 835 676 1016 730; x_wconf 80' lang='lat' dir='ltr'>frequenti</span> <span class='ocrx_word' id='word_1_67' title='bbox 1031 675 1100 715; x_wconf 63' lang='lat' dir='ltr'>huc</span> <span class='ocrx_word' id='word_1_68' title='bbox 1112 677 1323 729; x_wconf 78' lang='lat' dir='ltr'>indigemus</span> 
     </span>
     <span class='ocr_line' id='line_1_12' title="bbox 78 738 1325 791; baseline 0 -11"><span class='ocrx_word' id='word_1_69' title='bbox 78 741 327 780; x_wconf 71' lang='lat' dir='ltr'><strong>admonitione</strong></span> <span class='ocrx_word' id='word_1_70' title='bbox 343 746 379 779; x_wconf 89' lang='lat' dir='ltr'>et</span> <span class='ocrx_word' id='word_1_71' title='bbox 395 744 623 779; x_wconf 82' lang='lat' dir='ltr'>attestatione</span> <span class='ocrx_word' id='word_1_72' title='bbox 639 742 733 778; x_wconf 86' lang='lat' dir='ltr'>circa</span> <span class='ocrx_word' id='word_1_73' title='bbox 752 738 817 778; x_wconf 83' lang='lat' dir='ltr'>has</span> <span class='ocrx_word' id='word_1_74' title='bbox 838 738 1063 791; x_wconf 85' lang='lat' dir='ltr'>supradictas</span> <span class='ocrx_word' id='word_1_75' title='bbox 1081 743 1251 780; x_wconf 80' lang='lat' dir='ltr'>veritates</span> <span class='ocrx_word' id='word_1_76' title='bbox 1265 770 1278 789; x_wconf 84' lang='lat'>,</span> <span class='ocrx_word' id='word_1_77' title='bbox 1296 744 1325 780; x_wconf 76' lang='grc' dir='ltr'>ἒι</span> 
     </span>
     <span class='ocr_line' id='line_1_13' title="bbox 80 799 1325 851; baseline 0.002 -11"><span class='ocrx_word' id='word_1_78' title='bbox 80 802 209 851; x_wconf 86' lang='lat' dir='ltr'>quibus</span> <span class='ocrx_word' id='word_1_79' title='bbox 235 803 395 840; x_wconf 79' lang='lat' dir='ltr'>maxime</span> <span class='ocrx_word' id='word_1_80' title='bbox 411 799 548 851; x_wconf 88' lang='lat' dir='ltr'>pendet</span> <span class='ocrx_word' id='word_1_81' title='bbox 564 807 602 839; x_wconf 89' lang='lat' dir='ltr'>et</span> <span class='ocrx_word' id='word_1_82' title='bbox 628 806 750 838; x_wconf 85' lang='lat' dir='ltr'>nostra</span> <span class='ocrx_word' id='word_1_83' title='bbox 766 800 860 839; x_wconf 81' lang='lat' dir='ltr'>salus</span> <span class='ocrx_word' id='word_1_84' title='bbox 871 829 882 848; x_wconf 92' lang='lat'>‚</span> <span class='ocrx_word' id='word_1_85' title='bbox 904 807 940 839; x_wconf 89' lang='lat' dir='ltr'>et</span> <span class='ocrx_word' id='word_1_86' title='bbox 954 807 1078 839; x_wconf 85' lang='lat' dir='ltr'>noster</span> <span class='ocrx_word' id='word_1_87' title='bbox 1094 801 1131 838; x_wconf 89' lang='lat' dir='ltr'>in</span> <span class='ocrx_word' id='word_1_88' title='bbox 1149 800 1325 842; x_wconf 76' lang='lat' dir='ltr'>christia-</span> 
     </span>
     <span class='ocr_line' id='line_1_14' title="bbox 80 861 412 911; baseline -0.003 -10"><span class='ocrx_word' id='word_1_89' title='bbox 80 864 200 901; x_wconf 84' lang='lat' dir='ltr'>nismo</span> <span class='ocrx_word' id='word_1_90' title='bbox 217 861 412 911; x_wconf 79' lang='lat' dir='ltr'>profectus.</span> 
     </span>
    </p>

    <p class='ocr_par' dir='ltr' id='par_1_4' title="bbox 134 922 871 967">
     <span class='ocr_line' id='line_1_15' title="bbox 134 922 871 967; baseline 0 -7"><span class='ocrx_word' id='word_1_91' title='bbox 134 923 179 960; x_wconf 80' lang='lat' dir='ltr'>Si</span> <span class='ocrx_word' id='word_1_92' title='bbox 194 922 413 960; x_wconf 80' lang='lat' dir='ltr'>commortui</span> <span class='ocrx_word' id='word_1_93' title='bbox 423 935 566 967; x_wconf 80' lang='lat' dir='ltr'>sumus,</span> <span class='ocrx_word' id='word_1_94' title='bbox 584 929 620 959; x_wconf 82' lang='lat' dir='ltr'>el</span> <span class='ocrx_word' id='word_1_95' title='bbox 637 924 871 960; x_wconf 74' lang='lat' dir='ltr'>convivemus.</span> 
     </span>
    </p>

    <p class='ocr_par' dir='ltr' id='par_1_5' title="bbox 82 978 1327 1083">
     <span class='ocr_line' id='line_1_16' title="bbox 138 978 1327 1035; baseline 0.003 -15"><span class='ocrx_word' id='word_1_96' title='bbox 138 978 267 1020; x_wconf 82' lang='lat' dir='ltr'>Credis</span> <span class='ocrx_word' id='word_1_97' title='bbox 282 980 378 1019; x_wconf 87' lang='lat' dir='ltr'>hanc</span> <span class='ocrx_word' id='word_1_98' title='bbox 398 982 610 1028; x_wconf 83' lang='lat' dir='ltr'>veritatem,</span> <span class='ocrx_word' id='word_1_99' title='bbox 632 993 711 1033; x_wconf 65' lang='lat' dir='ltr'>qua!</span> <span class='ocrx_word' id='word_1_100' title='bbox 727 981 775 1020; x_wconf 89' lang='lat' dir='ltr'>de</span> <span class='ocrx_word' id='word_1_101' title='bbox 790 981 864 1020; x_wconf 85' lang='lat' dir='ltr'>fide</span> <span class='ocrx_word' id='word_1_102' title='bbox 879 987 959 1030; x_wconf 84' lang='lat' dir='ltr'>est,</span> <span class='ocrx_word' id='word_1_103' title='bbox 988 989 1026 1022; x_wconf 88' lang='lat' dir='ltr'>et</span> <span class='ocrx_word' id='word_1_104' title='bbox 1048 981 1095 1022; x_wconf 89' lang='lat' dir='ltr'>de</span> <span class='ocrx_word' id='word_1_105' title='bbox 1118 982 1187 1035; x_wconf 68' lang='lat' dir='ltr'>qua</span> <span class='ocrx_word' id='word_1_106' title='bbox 1205 983 1327 1023; x_wconf 83' lang='lat' dir='ltr'>dubi-</span> 
     </span>
     <span class='ocr_line' id='line_1_17' title="bbox 82 1042 305 1083; baseline 0 0"><span class='ocrx_word' id='word_1_107' title='bbox 82 1046 150 1083; x_wconf 87' lang='lat' dir='ltr'>tari</span> <span class='ocrx_word' id='word_1_108' title='bbox 174 1042 305 1083; x_wconf 84' lang='lat' dir='ltr'>nefas?</span> 
     </span>
    </p>

    <p class='ocr_par' dir='ltr' id='par_1_6' title="bbox 138 1103 381 1154">
     <span class='ocr_line' id='line_1_18' title="bbox 138 1103 381 1154; baseline -0.004 -10"><span class='ocrx_word' id='word_1_109' title='bbox 138 1103 262 1144; x_wconf 87' lang='lat' dir='ltr'>Credo</span> <span class='ocrx_word' id='word_1_110' title='bbox 276 1136 288 1154; x_wconf 88' lang='lat'>‚</span> <span class='ocrx_word' id='word_1_111' title='bbox 308 1106 381 1144; x_wconf 87' lang='lat' dir='ltr'>ais:</span> 
     </span>
    </p>

    <p class='ocr_par' dir='ltr' id='par_1_7' title="bbox 86 1157 1328 1336">
     <span class='ocr_line' id='line_1_19' title="bbox 139 1157 1326 1214; baseline 0.001 -12"><span class='ocrx_word' id='word_1_112' title='bbox 139 1162 215 1203; x_wconf 89' lang='lat' dir='ltr'>Cur</span> <span class='ocrx_word' id='word_1_113' title='bbox 230 1177 316 1214; x_wconf 81' lang='lat' dir='ltr'>ergo</span> <span class='ocrx_word' id='word_1_114' title='bbox 333 1177 406 1202; x_wconf 85' lang='lat' dir='ltr'>non</span> <span class='ocrx_word' id='word_1_115' title='bbox 429 1161 553 1201; x_wconf 87' lang='lat' dir='ltr'>studes</span> <span class='ocrx_word' id='word_1_116' title='bbox 572 1174 636 1212; x_wconf 89' lang='lat' dir='ltr'>pro</span> <span class='ocrx_word' id='word_1_117' title='bbox 652 1157 798 1200; x_wconf 87' lang='lat' dir='ltr'>Christo</span> <span class='ocrx_word' id='word_1_118' title='bbox 814 1188 826 1208; x_wconf 91' lang='lat'>,</span> <span class='ocrx_word' id='word_1_119' title='bbox 848 1172 912 1210; x_wconf 87' lang='lat' dir='ltr'>per</span> <span class='ocrx_word' id='word_1_120' title='bbox 928 1161 1105 1200; x_wconf 82' lang='lat' dir='ltr'>assiduam</span> <span class='ocrx_word' id='word_1_121' title='bbox 1118 1162 1326 1204; x_wconf 74' lang='lat' dir='ltr'>mortifica-</span> 
     </span>
     <span class='ocr_line' id='line_1_20' title="bbox 86 1222 1328 1275; baseline -0.001 -11"><span class='ocrx_word' id='word_1_122' title='bbox 86 1227 224 1263; x_wconf 90' lang='lat' dir='ltr'>tionem</span> <span class='ocrx_word' id='word_1_123' title='bbox 240 1232 276 1264; x_wconf 79' lang='lat' dir='ltr'>et</span> <span class='ocrx_word' id='word_1_124' title='bbox 292 1226 559 1275; x_wconf 75' lang='lat' dir='ltr'>poenirentiam,</span> <span class='ocrx_word' id='word_1_125' title='bbox 571 1224 667 1261; x_wconf 88' lang='lat' dir='ltr'>mori</span> <span class='ocrx_word' id='word_1_126' title='bbox 682 1228 844 1272; x_wconf 81' lang='lat' dir='ltr'>peccato,</span> <span class='ocrx_word' id='word_1_127' title='bbox 859 1222 968 1267; x_wconf 82' lang='lat' dir='ltr'>vitiis,</span> <span class='ocrx_word' id='word_1_128' title='bbox 985 1222 1211 1273; x_wconf 85' lang='lat' dir='ltr'><strong>passionibus</strong></span> <span class='ocrx_word' id='word_1_129' title='bbox 1226 1225 1328 1264; x_wconf 82' lang='lat' dir='ltr'>inor-</span> 
     </span>
     <span class='ocr_line' id='line_1_21' title="bbox 86 1280 750 1336; baseline -0.008 -12"><span class='ocrx_word' id='word_1_130' title='bbox 86 1285 215 1324; x_wconf 88' lang='lat' dir='ltr'>dinatis</span> <span class='ocrx_word' id='word_1_131' title='bbox 227 1313 240 1332; x_wconf 82' lang='lat'><strong>‚</strong></span> <span class='ocrx_word' id='word_1_132' title='bbox 259 1287 400 1336; x_wconf 81' lang='lat' dir='ltr'>tuisque</span> <span class='ocrx_word' id='word_1_133' title='bbox 418 1280 750 1333; x_wconf 82' lang='lat' dir='ltr'>concupiscentiis?</span> 
     </span>
    </p>

    <p class='ocr_par' dir='ltr' id='par_1_8' title="bbox 90 1340 1330 1453">
     <span class='ocr_line' id='line_1_22' title="bbox 142 1340 1330 1397; baseline 0 -13"><span class='ocrx_word' id='word_1_134' title='bbox 142 1342 217 1384; x_wconf 90' lang='lat' dir='ltr'>Cur</span> <span class='ocrx_word' id='word_1_135' title='bbox 242 1347 373 1385; x_wconf 86' lang='lat' dir='ltr'>metuis</span> <span class='ocrx_word' id='word_1_136' title='bbox 396 1346 486 1383; x_wconf 90' lang='lat' dir='ltr'>mori</span> <span class='ocrx_word' id='word_1_137' title='bbox 513 1356 579 1394; x_wconf 88' lang='lat' dir='ltr'>pro</span> <span class='ocrx_word' id='word_1_138' title='bbox 593 1340 776 1397; x_wconf 12' lang='lat' dir='ltr'>*Christm</span> <span class='ocrx_word' id='word_1_139' title='bbox 805 1341 841 1380; x_wconf 88' lang='lat' dir='ltr'>id</span> <span class='ocrx_word' id='word_1_140' title='bbox 860 1348 936 1387; x_wconf 85' lang='lat' dir='ltr'>est,</span> <span class='ocrx_word' id='word_1_141' title='bbox 963 1348 1057 1380; x_wconf 88' lang='lat' dir='ltr'>tuam</span> <span class='ocrx_word' id='word_1_142' title='bbox 1082 1342 1330 1384; x_wconf 82' lang='lat' dir='ltr'>miserabilem</span> 
     </span>
     <span class='ocr_line' id='line_1_23' title="bbox 90 1404 1139 1453; baseline -0.002 -6"><span class='ocrx_word' id='word_1_143' title='bbox 90 1410 201 1448; x_wconf 89' lang='lat' dir='ltr'>vitam</span> <span class='ocrx_word' id='word_1_144' title='bbox 221 1422 303 1448; x_wconf 89' lang='lat' dir='ltr'>cum</span> <span class='ocrx_word' id='word_1_145' title='bbox 324 1407 397 1447; x_wconf 67' lang='lat' dir='ltr'>vita</span> <span class='ocrx_word' id='word_1_146' title='bbox 417 1405 552 1446; x_wconf 76' lang='lat' dir='ltr'>Christi</span> <span class='ocrx_word' id='word_1_147' title='bbox 574 1409 716 1444; x_wconf 76' lang='lat' dir='ltr'>summe</span> <span class='ocrx_word' id='word_1_148' title='bbox 737 1404 843 1444; x_wconf 62' lang='lat' dir='ltr'>beata</span> <span class='ocrx_word' id='word_1_149' title='bbox 861 1412 1106 1453; x_wconf 82' lang='lat' dir='ltr'>commutare3</span> <span class='ocrx_word' id='word_1_150' title='bbox 1136 1408 1139 1409; x_wconf 48' lang='lat'><em>⁷</em></span> 
     </span>
    </p>

    <p class='ocr_par' dir='ltr' id='par_1_9' title="bbox 146 1466 882 1514">
     <span class='ocr_line' id='line_1_24' title="bbox 146 1466 882 1514; baseline -0.003 -10"><span class='ocrx_word' id='word_1_151' title='bbox 146 1468 189 1504; x_wconf 88' lang='lat' dir='ltr'>Si</span> <span class='ocrx_word' id='word_1_152' title='bbox 214 1467 489 1510; x_wconf 80' lang='lat' dir='ltr'>sustinebimus,</span> <span class='ocrx_word' id='word_1_153' title='bbox 508 1473 543 1503; x_wconf 79' lang='lat' dir='ltr'>et</span> <span class='ocrx_word' id='word_1_154' title='bbox 563 1466 882 1514; x_wconf 78' lang='lat' dir='ltr'>conregnabimus.</span> 
     </span>
    </p>

    <p class='ocr_par' dir='ltr' id='par_1_10' title="bbox 146 1521 1332 1575">
     <span class='ocr_line' id='line_1_25' title="bbox 146 1521 1332 1575; baseline -0.001 -10"><span class='ocrx_word' id='word_1_155' title='bbox 146 1524 276 1565; x_wconf 87' lang='lat' dir='ltr'>Credis</span> <span class='ocrx_word' id='word_1_156' title='bbox 298 1521 394 1565; x_wconf 83' lang='lat' dir='ltr'>hanc</span> <span class='ocrx_word' id='word_1_157' title='bbox 410 1526 556 1564; x_wconf 81' lang='lat' dir='ltr'>alteram</span> <span class='ocrx_word' id='word_1_158' title='bbox 575 1527 763 1563; x_wconf 87' lang='lat' dir='ltr'>veritatem</span> <span class='ocrx_word' id='word_1_159' title='bbox 775 1552 788 1573; x_wconf 87' lang='lat'>‚</span> <span class='ocrx_word' id='word_1_160' title='bbox 809 1536 891 1575; x_wconf 88' lang='lat' dir='ltr'>quae</span> <span class='ocrx_word' id='word_1_161' title='bbox 907 1521 1092 1574; x_wconf 67' lang='lat' dir='ltr'>aequaliter</span> <span class='ocrx_word' id='word_1_162' title='bbox 1106 1530 1160 1563; x_wconf 87' lang='lat' dir='ltr'>est</span> <span class='ocrx_word' id='word_1_163' title='bbox 1176 1524 1224 1563; x_wconf 87' lang='lat' dir='ltr'>de</span> <span class='ocrx_word' id='word_1_164' title='bbox 1235 1522 1332 1564; x_wconf 77' lang='lat' dir='ltr'>fide.</span> 
     </span>
    </p>

    <p class='ocr_par' dir='ltr' id='par_1_11' title="bbox 145 1583 1142 1624">
     <span class='ocr_line' id='line_1_26' title="bbox 145 1583 1142 1624; baseline -0.001 -1"><span class='ocrx_word' id='word_1_165' title='bbox 145 1583 281 1624; x_wconf 87' lang='lat' dir='ltr'>Credo.</span> <span class='ocrx_word' id='word_1_166' title='bbox 1137 1618 1142 1622; x_wconf 85' lang='lat'>.</span> 
     </span>
    </p>

    <p class='ocr_par' dir='ltr' id='par_1_12' title="bbox 89 1642 1335 1761">
     <span class='ocr_line' id='line_1_27' title="bbox 144 1642 1335 1696; baseline -0.001 -13"><span class='ocrx_word' id='word_1_167' title='bbox 144 1642 218 1683; x_wconf 88' lang='lat' dir='ltr'>Cur</span> <span class='ocrx_word' id='word_1_168' title='bbox 246 1658 333 1696; x_wconf 84' lang='lat' dir='ltr'>ergo</span> <span class='ocrx_word' id='word_1_169' title='bbox 362 1646 495 1683; x_wconf 85' lang='lat' dir='ltr'>invitus</span> <span class='ocrx_word' id='word_1_170' title='bbox 516 1650 550 1682; x_wconf 90' lang='lat' dir='ltr'>et</span> <span class='ocrx_word' id='word_1_171' title='bbox 579 1656 803 1682; x_wconf 87' lang='lat' dir='ltr'>murmurans</span> <span class='ocrx_word' id='word_1_172' title='bbox 825 1643 976 1695; x_wconf 86' lang='lat' dir='ltr'>pateris,</span> <span class='ocrx_word' id='word_1_173' title='bbox 1004 1643 1116 1682; x_wconf 51' lang='lat' dir='ltr'>*etiarn</span> <span class='ocrx_word' id='word_1_174' title='bbox 1143 1643 1335 1682; x_wconf 77' lang='lat' dir='ltr'>minimuh</span> 
     </span>
     <span class='ocr_line' id='line_1_28' title="bbox 89 1708 251 1761; baseline 0 -15"><span class='ocrx_word' id='word_1_175' title='bbox 89 1708 210 1747; x_wconf 84' lang='lat' dir='ltr'>mala?</span> <span class='ocrx_word' id='word_1_176' title='bbox 246 1758 251 1761; x_wconf 32' lang='lat'>¹</span> 
     </span>
    </p>

    <p class='ocr_par' dir='ltr' id='par_1_13' title="bbox 90 1767 1329 1883">
     <span class='ocr_line' id='line_1_29' title="bbox 143 1767 1329 1821; baseline 0.001 -12"><span class='ocrx_word' id='word_1_177' title='bbox 143 1767 217 1809; x_wconf 89' lang='lat' dir='ltr'>Cur</span> <span class='ocrx_word' id='word_1_178' title='bbox 229 1800 241 1818; x_wconf 92' lang='lat'>‚</span> <span class='ocrx_word' id='word_1_179' title='bbox 259 1773 281 1810; x_wconf 80' lang='grc' dir='ltr'>ὲ</span> <span class='ocrx_word' id='word_1_180' title='bbox 299 1777 423 1810; x_wconf 86' lang='lat' dir='ltr'>contra</span> <span class='ocrx_word' id='word_1_181' title='bbox 442 1799 454 1817; x_wconf 86' lang='lat'><em>‚</em></span> <span class='ocrx_word' id='word_1_182' title='bbox 474 1784 549 1810; x_wconf 91' lang='lat' dir='ltr'>non</span> <span class='ocrx_word' id='word_1_183' title='bbox 567 1770 702 1821; x_wconf 67' lang='lat' dir='ltr'>gaudes</span> <span class='ocrx_word' id='word_1_184' title='bbox 722 1771 761 1808; x_wconf 89' lang='lat' dir='ltr'>in</span> <span class='ocrx_word' id='word_1_185' title='bbox 779 1770 1005 1821; x_wconf 84' lang='lat' dir='ltr'>passionibus</span> <span class='ocrx_word' id='word_1_186' title='bbox 1018 1799 1028 1817; x_wconf 82' lang='lat'>‚</span> <span class='ocrx_word' id='word_1_187' title='bbox 1045 1771 1165 1809; x_wconf 88' lang='lat' dir='ltr'>sciens</span> <span class='ocrx_word' id='word_1_188' title='bbox 1182 1777 1216 1810; x_wconf 88' lang='lat' dir='ltr'>et</span> <span class='ocrx_word' id='word_1_189' title='bbox 1235 1784 1329 1811; x_wconf 80' lang='lat' dir='ltr'>cre-</span> 
     </span>
     <span class='ocr_line' id='line_1_30' title="bbox 90 1830 1273 1883; baseline 0.002 -14"><span class='ocrx_word' id='word_1_190' title='bbox 90 1830 181 1874; x_wconf 87' lang='lat' dir='ltr'>dens</span> <span class='ocrx_word' id='word_1_191' title='bbox 209 1831 307 1882; x_wconf 79' lang='lat' dir='ltr'>quod</span> <span class='ocrx_word' id='word_1_192' title='bbox 332 1833 437 1870; x_wconf 86' lang='lat' dir='ltr'>etiam</span> <span class='ocrx_word' id='word_1_193' title='bbox 457 1830 547 1870; x_wconf 83' lang='lat' dir='ltr'>levis</span> <span class='ocrx_word' id='word_1_194' title='bbox 561 1830 710 1870; x_wconf 75' lang='lat' dir='ltr'>afflictio</span> <span class='ocrx_word' id='word_1_195' title='bbox 731 1831 776 1869; x_wconf 86' lang='lat' dir='ltr'>sit</span> <span class='ocrx_word' id='word_1_196' title='bbox 795 1832 895 1881; x_wconf 79' lang='lat' dir='ltr'>regni</span> <span class='ocrx_word' id='word_1_197' title='bbox 917 1830 1072 1870; x_wconf 86' lang='lat' dir='ltr'>coelestis</span> <span class='ocrx_word' id='word_1_198' title='bbox 1090 1833 1273 1883; x_wconf 78' lang='lat' dir='ltr'>pretium?</span> 
     </span>
    </p>

    <p class='ocr_par' dir='ltr' id='par_1_14' title="bbox 142 1889 966 1940">
     <span class='ocr_line' id='line_1_31' title="bbox 142 1889 966 1940; baseline 0.004 -13"><span class='ocrx_word' id='word_1_199' title='bbox 142 1889 187 1927; x_wconf 84' lang='lat' dir='ltr'>Si</span> <span class='ocrx_word' id='word_1_200' title='bbox 205 1891 451 1939; x_wconf 77' lang='lat' dir='ltr'>negaverimus</span> <span class='ocrx_word' id='word_1_201' title='bbox 467 1905 568 1938; x_wconf 84' lang='lat' dir='ltr'>eum,</span> <span class='ocrx_word' id='word_1_202' title='bbox 586 1898 622 1928; x_wconf 81' lang='lat' dir='ltr'>ct</span> <span class='ocrx_word' id='word_1_203' title='bbox 637 1891 700 1928; x_wconf 81' lang='lat' dir='ltr'>ille</span> <span class='ocrx_word' id='word_1_204' title='bbox 715 1890 867 1940; x_wconf 78' lang='lat' dir='ltr'>negabit</span> <span class='ocrx_word' id='word_1_205' title='bbox 887 1904 966 1930; x_wconf 80' lang='lat' dir='ltr'>nos.</span> 
     </span>
    </p>

    <p class='ocr_par' dir='ltr' id='par_1_15' title="bbox 143 1946 844 1991">
     <span class='ocr_line' id='line_1_32' title="bbox 143 1946 844 1991; baseline 0.001 -3"><span class='ocrx_word' id='word_1_206' title='bbox 143 1946 196 1988; x_wconf 90' lang='lat' dir='ltr'>Et</span> <span class='ocrx_word' id='word_1_207' title='bbox 216 1949 310 1989; x_wconf 87' lang='lat' dir='ltr'>hanc</span> <span class='ocrx_word' id='word_1_208' title='bbox 326 1951 442 1991; x_wconf 86' lang='lat' dir='ltr'>credis</span> <span class='ocrx_word' id='word_1_209' title='bbox 465 1953 605 1991; x_wconf 81' lang='lat' dir='ltr'>tertiam</span> <span class='ocrx_word' id='word_1_210' title='bbox 623 1950 844 1991; x_wconf 83' lang='lat' dir='ltr'>veritatem?</span> 
     </span>
    </p>

    <p class='ocr_par' dir='ltr' id='par_1_16' title="bbox 148 2007 284 2050">
     <span class='ocr_line' id='line_1_33' title="bbox 148 2007 284 2050; baseline 0.015 -2"><span class='ocrx_word' id='word_1_211' title='bbox 148 2007 284 2050; x_wconf 87' lang='lat' dir='ltr'>Credo.</span> 
     </span>
    </p>
   </div>
   <div class='ocr_carea' id='block_1_4' title="bbox 92 2065 1335 2299">
    <p class='ocr_par' dir='ltr' id='par_1_17' title="bbox 121 2065 1332 2166">
     <span class='ocr_line' id='line_1_34' title="bbox 143 2065 1332 2164; baseline 0.004 -57"><span class='ocrx_word' id='word_1_212' title='bbox 143 2065 219 2164; x_wconf 41' lang='lat' dir='ltr'>(gur</span> <span class='ocrx_word' id='word_1_213' title='bbox 236 2082 320 2154; x_wconf 53' lang='grc' dir='ltr'>ετξο</span> <span class='ocrx_word' id='word_1_214' title='bbox 341 2068 442 2108; x_wconf 84' lang='lat' dir='ltr'>sactis</span> <span class='ocrx_word' id='word_1_215' title='bbox 464 2069 529 2107; x_wconf 84' lang='lat' dir='ltr'>tuis</span> <span class='ocrx_word' id='word_1_216' title='bbox 544 2074 618 2108; x_wconf 83' lang='lat' dir='ltr'>tam</span> <span class='ocrx_word' id='word_1_217' title='bbox 633 2068 840 2121; x_wconf 81' lang='lat' dir='ltr'>frequenter</span> <span class='ocrx_word' id='word_1_218' title='bbox 858 2081 968 2120; x_wconf 84' lang='lat' dir='ltr'>negas</span> <span class='ocrx_word' id='word_1_219' title='bbox 988 2082 1071 2108; x_wconf 85' lang='lat' dir='ltr'>eum</span> <span class='ocrx_word' id='word_1_220' title='bbox 1087 2084 1194 2122; x_wconf 89' lang='lat' dir='ltr'>quem</span> <span class='ocrx_word' id='word_1_221' title='bbox 1206 2070 1332 2124; x_wconf 59' lang='lat' dir='ltr'>lingufi</span> 
     </span>
     <span class='ocr_line' id='line_1_35' title="bbox 121 2129 355 2166; baseline 0.009 -2"><span class='ocrx_word' id='word_1_222' title='bbox 121 2140 161 2165; x_wconf 88' lang='lat' dir='ltr'>ro</span> <span class='ocrx_word' id='word_1_223' title='bbox 191 2129 292 2166; x_wconf 85' lang='lat' dir='ltr'>teris.</span> <span class='ocrx_word' id='word_1_224' title='bbox 349 2163 355 2166; x_wconf 81' lang='lat'>.</span> 
     </span>
    </p>

    <p class='ocr_par' dir='ltr' id='par_1_18' title="bbox 92 2140 1335 2299">
     <span class='ocr_line' id='line_1_36' title="bbox 95 2140 1335 2239; baseline 0.004 -13"><span class='ocrx_word' id='word_1_225' title='bbox 95 2140 120 2178; x_wconf 72' lang='lat' dir='ltr'>p</span> <span class='ocrx_word' id='word_1_226' title='bbox 147 2184 221 2227; x_wconf 91' lang='lat' dir='ltr'>Cur</span> <span class='ocrx_word' id='word_1_227' title='bbox 240 2189 387 2239; x_wconf 85' lang='lat' dir='ltr'>impuris</span> <span class='ocrx_word' id='word_1_228' title='bbox 405 2189 567 2228; x_wconf 88' lang='lat' dir='ltr'>moribus</span> <span class='ocrx_word' id='word_1_229' title='bbox 586 2191 659 2228; x_wconf 82' lang='lat' dir='ltr'>tuis</span> <span class='ocrx_word' id='word_1_230' title='bbox 679 2186 865 2229; x_wconf 83' lang='lat' dir='ltr'>Christum</span> <span class='ocrx_word' id='word_1_231' title='bbox 884 2195 922 2229; x_wconf 88' lang='lat' dir='ltr'>et</span> <span class='ocrx_word' id='word_1_232' title='bbox 937 2188 1238 2231; x_wconf 85' lang='lat' dir='ltr'>christianismum</span> <span class='ocrx_word' id='word_1_233' title='bbox 1254 2203 1335 2231; x_wconf 77' lang='lat' dir='ltr'>ne·-</span> 
     </span>
     <span class='ocr_line' id='line_1_37' title="bbox 92 2248 187 2299; baseline -0.011 -11"><span class='ocrx_word' id='word_1_234' title='bbox 92 2261 155 2299; x_wconf 81' lang='lat' dir='ltr'>gas</span> <span class='ocrx_word' id='word_1_235' title='bbox 170 2248 187 2287; x_wconf 70' lang='grc' dir='ltr'>Ξ</span> 
     </span>
    </p>
   </div>
  </div>
 </body>
</html>
