1462 2540
346 52 526 92 nm
548 47 782 90 tuom-io.
810 46 906 101 Gap.
931 46 1013 91 11.
1205 47 1292 93 255

101 120 152 163 Et
170 137 232 175 qm
245 134 315 162 me
324 120 443 172 diligis
467 131 603 170 meque
631 121 687 159 vis
721 118 895 165 beatum,
922 116 1000 160 mei
1018 117 1093 160 non
1122 121 1295 174 indigens

47 187 255 238 nullamque
286 197 429 239 prorsus
464 197 513 223 ex
546 196 607 222 me
642 183 831 222 utilitatem
863 182 1030 234 capiens,
1058 184 1124 223 sed
1142 193 1297 236 propter

47 248 250 288 bonitatem
283 250 402 286 tuam:
438 244 482 284 da
516 251 556 284 ut
587 250 651 292 te,
677 251 825 296 propter
856 251 914 294 te,
945 245 1110 297 diligam,
1149 248 1296 298 tibique

49 309 203 347 serviam
222 319 298 345 non
314 308 451 345 tantum
475 318 661 356 poenarum
681 307 811 344 timore
839 319 1009 357 pressus,
1027 313 1086 345 aut
1107 320 1173 359 spe
1188 308 1287 348 bm-

47 369 209 410 titudinis
227 375 393 408 attractus
407 399 417 417 ,
436 369 502 409 sed
519 371 626 408 unico
652 370 689 407 in
719 371 843 421 primis
871 375 943 409 tuae
970 369 1171 410 dilectionis
1188 377 1297 411 aetus

47 432 184 484 spiritu.
204 427 343 469 Arnen.

102 492 199 530 Noli
216 491 429 530 contendere
447 492 581 532 ambis.

103 549 264 600 Quidam
306 552 388 591 haec
421 553 532 591 verba
558 554 706 603 jungunt
734 565 816 592 cum
849 554 1159 604 praecedentibus,
1180 561 1215 593 et
1236 557 1299 594 eis

28 606 145 652 ‘favet
160 626 296 665 graecus
318 620 531 654 contextus:
547 614 741 654 testificans
757 628 878 654 coram
896 614 1083 666 Domino,
1107 630 1181 655 non
1198 631 1294 657 con-

51 677 201 716 tendere
224 678 358 716 verbis.

101 735 218 777 Favet
238 745 274 777 et
292 741 431 789 syriaca
454 740 599 776 versio:
612 747 818 780 contestans
846 754 968 780 coram
998 738 1184 810 Domino,
1211 756 1293 782 non

47 797 267 836 contendant
281 799 403 836 verbis
426 797 622 836 inutilibus.
1255 812 1274 819 ·

101 853 176 895 Sed
195 863 431 907 praeterquam
461 857 557 907 quod
589 854 634 896 D.
658 854 904 907 Augustinus,
926 856 1170 910 Ambrosius,
1196 862 1295 900 sicut

49 921 86 954 et
102 921 230 954 noster
244 918 442 966 interpres,
469 930 511 955 ea
534 917 743 968 disjungunt
763 925 1005 969 etseparan13

22 971 25 974 ’
102 974 198 1015 Sane
215 979 290 1028 ipsa
309 980 520 1016 contestatio
538 990 657 1015 coram
681 975 865 1026 Domino,
880 993 961 1031 quae
979 983 1123 1020 nonnisi
1139 982 1193 1021 rei
1205 996 1293 1033 gra-

49 1038 159 1075 vioris
181 1044 256 1083 est,
278 1037 411 1076 indicat
429 1037 526 1088 quod
558 1038 781 1087 superiorum
802 1040 1024 1078 monitorum
1049 1042 1180 1081 debeat
1205 1055 1297 1083 esse

49 1097 293 1143 confirmatio,
313 1111 358 1136 eo
375 1111 446 1150 quo
468 1098 684 1149 explicatum
705 1104 759 1137 est
776 1098 907 1144 modo,
927 1103 1031 1151 supra
1054 1099 1108 1149 γ.
1136 1101 1198 1149 ι4.

102 1157 223 1197 Finita
242 1161 362 1210 itaque
375 1162 550 1210 superiori
567 1160 612 1198 ad
634 1159 881 1200 fortitudinem
898 1161 1171 1208 exhortatione,
1191 1176 1297 1203 nune

7 1251 15 1254 .
49 1218 290 1265 Timotheum?
308 1218 469 1258 hortatur
494 1227 532 1258 ut
562 1234 602 1259 se
636 1220 783 1270 dignum
808 1221 922 1259 divini
952 1224 1053 1261 verbi
1085 1226 1296 1264 ministrum

50 1278 240 1322 exhibeat,
261 1278 430 1329 illumque
453 1281 593 1319 instruit
625 1274 671 1319 de
700 1280 816 1320 modo
831 1295 903 1333 quo
925 1282 1002 1321 talis
1021 1283 1167 1328 evadat;
1195 1299 1260 1324 seu
1275 1314 1293 1334 ,

50 1346 88 1379 ut
108 1342 155 1379 ait
170 1338 429 1381 't'heodore‘tus
443 1372 453 1390 ‚
474 1343 581 1382 docet
599 1357 682 1382 eum
702 1343 860 1395 regulam
885 1344 1098 1386 divinorum
1118 1347 1297 1398 eloquio-—

52 1414 145 1440 rum.

105 1469 163 1508 Ac
179 1472 296 1521 primo
327 1476 427 1507 notat
458 1471 608 1510 abusum
633 1473 679 1510 ab
711 1474 789 1523 ipso
819 1473 1005 1512 vitandum
1025 1476 1300 1528 juvenibusque

50 1544 125 1569 non
150 1532 351 1569 inusitatum
365 1561 375 1577 ,
395 1545 526 1581 nempe
545 1533 739 1572 verborum
762 1548 941 1584 pugnam,
959 1535 1235 1586 logomachiam.

103 1588 211 1628 Tunc
226 1593 345 1629 verbis
366 1592 606 1639 contenditur,
630 1597 710 1632 cum
728 1596 764 1632 in
783 1594 998 1646 disputando
1014 1611 1084 1635 non
1102 1605 1174 1636 tarn
1186 1612 1293 1648 quae-

47 1652 134 1688 ritur
150 1653 281 1689 veritas
313 1654 419 1702 quam
450 1654 586 1691 vanitas
601 1682 612 1701 ‚
634 1654 767 1694 sciticet
794 1669 867 1695 suae
887 1660 1078 1696 ostentatio
1107 1660 1296 1706 scientiae;

50 1711 190 1750 doctior
211 1713 324 1751 videri
339 1742 349 1759 ,
372 1715 535 1762 vincere,
554 1716 750 1766 praevalere
768 1732 776 1754 ε

103 1771 197 1809 Noli
211 1773 422 1811 contendere
444 1776 577 1814 verbis.
598 1773 664 1814 Gr.
687 1790 762 1815 non
783 1777 1007 1817 contendere
1026 1779 1160 1819 verbis,
1181 1778 1295 1821 More

48 1829 240 1877 hebraico,
256 1833 472 1873 infinitivum
489 1848 552 1885 pro
564 1838 791 1886 imperativo.
804 1835 865 1877 Ne
882 1838 1105 1889 contendas,
1125 1847 1193 1879 etc.
1214 1842 1296 1882 noli

48 1893 280 1943 verbigerari.

103 1952 148 1994 Ρ.
166 1953 351 1996 Ameiotte
369 1959 450 1996 citat
467 1963 749 2011 manuscriptum
767 1958 1077 2009 Alexandrinum,
1089 1963 1126 2001 in
1144 1978 1216 2015 quo
1232 1965 1290 2005 le-

48 2015 139 2063 gitur
154 2012 207 2062 μὴ
224 2014 466 2067 λογομίιχει,
481 2032 529 2058 ne
550 2021 748 2060 contendas
764 2023 869 2061 verb·
871 2035 901 2061 s.

102 2070 284 2114 Credibile
296 2083 348 2115 est
361 2077 513 2126 quodita
529 2078 612 2131 tegit
626 2089 748 2124 noster
761 2083 953 2133 interpres,
959 2096 1033 2122 non
1048 2080 1298 2134 ληομίιχεῖν·

49 2133 138 2170 sicut
161 2133 286 2183 tegitur
304 2135 432 2175 hodie.

106 2193 169 2230 Ad
179 2194 277 2231 mhi!
287 2195 384 2232 enim
402 2198 490 2234 utile
505 2205 573 2247 est,
589 2201 663 2238 ἰιιιὸ
680 2208 789 2241 nocet
803 2202 970 2249 multum,
992 2206 1072 2255 quia
1091 2203 1176 2242 hinc
1189 2217 1297 2256 saepe

48 2250 304 2291 subvertuntur
325 2253 544 2296 audientium
561 2259 707 2306 animae;
