1448 2540
0 523 7 551 ᾗ

0 606 12 637 ῖς

342 43 551 111 „tw
578 52 937 109 Extosmojcap.
962 53 1054 101 ΙΙΙ.
1250 73 1327 101 121

425 281 506 327 CA
514 274 648 328 FUT
676 282 987 330 TERTIUM.

571 421 841 475 Pomphmsis.

85 520 257 597 Ceam
279 562 315 596 et
334 554 532 596 indubitata
553 569 612 594 res
631 562 712 601 est,
732 555 831 607 quod
848 557 878 596 si
895 556 975 607 quis
994 556 1242 608 episcopatum
1260 555 1332 596 de·-

82 618 237 665 sidera,
261 617 470 669 praeclarum
495 623 595 669 optat
615 619 868 659 ministerium.

138 693 300 749 Oportet
317 703 438 735 autem
455 702 495 735 ut
515 692 717 746 Episcopus
736 699 781 735 sit
798 698 884 737 vitae
902 710 1047 750 prorsus
1064 697 1334 750 irreprehensi-

82 756 191 805 bilis,
218 771 295 797 non
316 758 507 809 bigamus,
534 759 580 796 sit
606 757 767 798 sobrius.
794 765 831 797 et
863 764 1131 810 consequenter
1159 759 1330 817 vigilanS‚

83 818 245 872 prudens
259 838 270 868 5
286 821 532 871 compositus,
553 825 670 859 castus
682 848 694 868 ‚
712 830 837 859 amans
854 823 1088 872 peregrinos,
1101 827 1204 872 aptus
1217 828 1255 862 et
1267 835 1332 874 pa-

9 896 24 948 „ss
83 886 180 920 ratus
195 880 242 919 ad
260 881 489 926 docendum

141 938 241 981 Vino
253 954 329 980 non
344 944 390 980 sit
403 942 587 980 obnoxius
600 970 611 988 ‚
632 955 710 981 non
727 942 907 982 violentus
924 948 958 982 et
976 944 1035 994 qui
1054 944 1227 994 percutiat
1241 958 1252 988 ;
1267 943 1336 984 sed

85 1007 132 1044 sit
152 1009 384 1044 mansuetus,
406 1005 563 1043 rixarum
587 1010 624 1042 et
642 1004 756 1044 litium
780 1006 989 1053 abstinens,
1013 1018 1089 1044 non
1112 1012 1252 1046 amator
1270 1020 1330 1046 ar-

111 1069 185 1105 enti
197 1081 207 1110 ς

85 1080 110 1119 g
127 1117 305 1182 ⁴Propriae
316 1127 439 1167 domui
457 1140 534 1166 suae
545 1127 641 1166 bene
653 1127 861 1178 praesideat,
877 1126 971 1166 filios
983 1131 1166 1169 contineat
1181 1132 1217 1169 in
1234 1130 1337 1170 obe-

17 1229 26 1246 ‡
58 1236 63 1239 ,
89 1192 226 1233 ἆίεῃῐίἓι
243 1192 313 1232 sibi
333 1190 517 1239 subditos,
543 1199 578 1231 et
595 1192 632 1229 in
657 1191 757 1229 omni
787 1190 976 1230 honestate
996 1196 1031 1230 et
1049 1193 1223 1243 gravitate
1245 1207 1338 1234 mo-

87 1268 182 1294 rum.

143 1311 241 1353 Nam
259 1314 290 1352 si
313 1311 482 1351 familiam
508 1325 609 1351 suam
634 1313 749 1351 nescit
771 1325 899 1363 regere
914 1342 925 1361 ‚
951 1313 1138 1364 quomodo
1162 1311 1340 1355 Ecclesiae

87 1372 164 1414 Dei
183 1388 302 1414 curam
318 1374 449 1426 geret?

143 1447 234 1490 Non
253 1453 425 1500 sitnuper
445 1450 645 1500 baptizatus
672 1455 706 1487 et
729 1445 877 1487 Christo
895 1451 1042 1496 insitus,
1072 1464 1145 1497 ne,
1175 1451 1224 1488 ob
1249 1452 1336 1502 epi-

91 1513 259 1562 scopatfis
282 1511 460 1550 honorem
479 1510 622 1548 inflatus
637 1535 647 1551 2
669 1511 872 1561 supe1biat‚
901 1518 937 1549 et
969 1513 1018 1549 ob
1040 1513 1272 1564 superbiam,
1298 1514 1337 1551 in

0 1611 3 1622 ,
23 1585 41 1603 “-
92 1574 258 1614 eamdem
275 1587 356 1612 cum
378 1572 548 1611 daemone
565 1572 835 1610 damnationum
861 1571 1007 1610 incidat.

146 1634 307 1688 Oportet
328 1638 435 1674 etiam
455 1634 549 1673 illum
578 1634 674 1672 bene
699 1633 822 1672 audire
849 1633 943 1684 apud
974 1647 1037 1672 eos
1059 1635 1119 1685 qui
1138 1639 1220 1672 sunt
1236 1638 1341 1672 extra

30 1699 34 1702 ”
92 1693 316 1743 Ecclesiam,
347 1697 382 1734 id
413 1704 493 1742 est,
517 1694 702 1738 infideles;
733 1709 779 1733 ne
803 1695 898 1746 apud
924 1709 987 1733 eos
1017 1702 1271 1747 contemptus,
1300 1701 1340 1736 et

93 1759 228 1810 probro
246 1758 429 1807 subditus,
448 1759 580 1798 incidat
598 1761 634 1797 in
652 1758 815 1810 laqueum
835 1757 981 1797 diaboli.

106 1873 118 1880 .
149 1842 294 1884 Eodem
312 1858 457 1897 quoque
481 1845 592 1884 modo
614 1846 758 1895 'oportet
778 1851 814 1883 ut
842 1844 981 1884 diaconi
1005 1846 1089 1884 casti
1107 1846 1179 1884 sint
1199 1851 1234 1884 et
1260 1844 1338 1884 ho-

93 1910 215 1956 nesti,
233 1907 385 1960 dupiicia
403 1921 477 1946 non
501 1907 709 1959 loquantur,
728 1920 802 1946 non
824 1909 893 1946 sint
914 1908 1060 1947 bibaces
1078 1913 1115 1946 et
1139 1907 1184 1946 ad
1210 1909 1339 1948 vinum

37 1966 39 1972 ⁴
94 1969 272 2019 proclives
285 1999 298 2017 ‚
318 1983 439 2021 neque
460 1972 607 2021 turpiter
623 1976 659 2008 et
678 1973 785 2008 avare
802 1972 968 2018 pecunias
987 1978 1169 2019 quaerant;

150 2031 224 2072 Sed
250 2033 363 2075 fidem
392 2033 620 2075 christianam
645 2040 794 2074 servent
817 2040 852 2073 et
880 2034 1082 2073 custodiant
1107 2047 1172 2086 per
1201 2034 1338 2073 bonam

32 2091 39 2106 “
97 2094 368 2133 conscientiam.

151 2157 200 2199 Et
218 2159 256 2198 hi
274 2162 429 2210 primum
452 2163 672 2213 probentur,
694 2169 728 2201 et
750 2162 859 2212 longo
889 2168 1055 2214 tempore
1082 2161 1335 2212 explorentur3

96 2227 132 2260 et
152 2223 181 2260 si
200 2221 368 2274 inculpati
388 2228 423 2260 et
450 2222 782 2272 irreprehensibiles
806 2224 1049 2273 reperiantur,
1069 2221 1215 2270 tandem
1234 2220 1339 2260 ordi·—

95 2289 227 2322 nentur
242 2289 278 2321 et
296 2285 512 2322 ministrent.

254 2349 296 2377 v,
1146 2333 1174 2374 6
