1462 2540
47 95 58 102 ἡ
110 66 118 70 ”
387 59 815 120 wtxroelfio.
845 57 953 115 Qp‘i.
973 55 1067 100 ΡΙ.
1061 57 1147 110 ⁵*st
1178 25 1195 39 ’
1269 50 1362 115 ‚98²²
1422 89 1431 92 ,

35 119 41 185 ζ
103 134 295 189 queintui‘
287 119 347 174 '³3
341 130 515 178 Μοῑὺ,
542 115 578 170 'el
602 131 639 170 in
667 130 795 170 multas
819 129 982 170 incidunt
1008 115 1245 186 cupiditates,
1263 134 1351 186 non

30 210 37 216 ¹
105 199 243 238 tantum
260 193 425 243 inutiles,
441 191 507 232 sed
525 197 561 231 et
579 193 750 239 nocivas,
770 203 855 243 quae
868 189 1066 231 hommem
1079 187 1323 243 demwgnnt
1304 201 1351 228 ιιι
1391 188 1405 196 “

106 261 290 300 interitum
314 264 353 296 et
372 256 674 296 damnationem:

156 313 282 361 Alffl'nt
299 320 400 357 enim
414 318 581 368 pecuniae
598 304 833 356 §sturmium
853 301 1028 355 malorum
1045 314 1172 363 radix,
1174 300 1349 363 duism-

80 422 82 425 ,
107 380 236 420 dentes
261 380 432 432 quidam,
457 393 478 418 a
492 379 575 419 fide
584 372 861 426 ab'ermvemnt,
881 385 918 418 et
934 381 1074 430 seipsos
1095 377 1365 419 transfixerunt*

106 443 292 484 doloribus
308 441 442 482 multis.
679 461 681 463 ·

158 528 221 570 Tu
238 537 359 569 autem
375 557 385 576 ‚
404 524 428 567 ὂ
446 525 676 569 homo³Deit
692 530 876 568 avaritiam
892 534 927 568 et
946 526 1027 567 liaec
1045 539 1125 567 eam
1145 525 1352 566 comitantia

106 599 252 644 peccata
267 591 373 642 suge3
393 598 530 631 sectare
545 594 634 630 verb
650 593 874 631 sanctitatem
890 597 929 630 et
949 593 1100 630 virtutes
1117 588 1205 627 illius
1227 588 1353 627 comi-

106 657 185 698 tes,
199 652 360 699 scilicet,
378 654 572 702 pietatem,
589 651 727 723 fidem,
747 650 975 700 charitatem,
994 651 1227 727 patientiam,
1244 658 1350 688 man-

104 709 346 750 suetudinem

161 767 269 810 Certa
280 769 418 810 sortiter
435 771 642 822 praectarum
663 778 846 812 certamen
863 771 970 812 fidei·
961 804 970 819 ‚
987 771 1222 825 apprehende
1239 773 1353 810 vitam

105 837 277 871 aeternam
297 831 395 882 (quae
411 832 527 884 palma
545 839 601 871 est
618 834 745 871 victori
767 833 961 883 promissa)
977 862 989 882 ‚
1006 834 1052 873 ad
1072 847 1179 887 quam
1203 837 1224 872 a
1240 830 1351 880 Deo,

107 897 207 946 quasi
227 894 466 946 agonotheta,
485 903 633 936 vocatus
656 910 718 945 eS,
742 903 779 935 et
807 911 913 949 quam
935 897 1121 951 hucusque
1143 906 1353 948 prosecutus

107 970 172 1002 εε,
201 959 382 1008 egregiam
410 957 595 997 consessus
626 959 895 999 consessionem
925 974 1045 1000 coram
1068 961 1219 1000 testibus
1246 959 1353 1012 pluri-

107 1020 190 1058 mis.

162 1085 343 1127 Obtestor
363 1094 399 1127 te
417 1101 536 1126 coram
560 1085 644 1127 Deo
668 1089 817 1128 vivente
845 1095 881 1127 et
908 1091 1031 1128 omnia
1055 1089 1262 1129 vivificante
1277 1119 1288 1139 ‚
1315 1097 1354 1130 et

106 1162 228 1188 coram
254 1146 343 1187 Jesu
363 1146 509 1188 Christo
528 1152 586 1202 qui
609 1151 676 1188 sub
694 1148 827 1190 Pontio
846 1148 963 1191 Pilato
988 1153 1235 1191 testimonium
1263 1165 1354 1204 per-

106 1212 225 1251 hibuit
246 1215 386 1252 veritati
408 1214 618 1264 praeclarum
636 1230 646 1261 ς

163 1309 363 1357 obtestor,
386 1315 531 1363 inquam
544 1343 555 1363 ‚
578 1321 612 1353 te
632 1329 753 1354 coram
770 1318 875 1355 tantis
893 1317 1065 1364 testibus,
1083 1323 1121 1356 ut
1137 1330 1216 1368 quae
1233 1319 1270 1357 in
1283 1314 1353 1357 hac

106 1371 270 1427 Epistola
286 1375 388 1415 trado
405 1406 416 1422 ,
444 1381 569 1416 exacte
594 1379 773 1417 custodias
791 1393 903 1430 usque
922 1381 968 1419 ad
983 1379 1179 1420 adventum
1202 1378 1354 1420 Domini

106 1439 219 1477 nostri
243 1436 335 1477 Jesu
362 1437 517 1484 Christi,
553 1453 599 1478 ne
630 1454 737 1491 quam
769 1441 1090 1493 reprehensionem
1118 1445 1275 1483 incurras
1301 1443 1351 1481 ob

107 1504 205 1536 tuam
224 1501 559 1548 transgressionem.

166 1574 289 1625 Quem
308 1575 503 1614 adventum
519 1606 530 1625 ‚
554 1582 716 1627 tempore
740 1576 938 1623 destinato,
961 1579 1150 1619 exhibebit
1166 1560 1223 1619 ille
1245 1581 1303 1631 qui
1329 1582 1353 1618 a

106 1649 147 1675 se
160 1637 286 1675 beatus
305 1642 358 1674 est
377 1641 412 1674 et
428 1637 488 1686 qui
503 1635 599 1674 solus
611 1640 631 1675 a
643 1649 682 1674 se
701 1638 886 1690 princeps,
903 1636 989 1676 Rex
1004 1651 1128 1689 regum
1140 1667 1150 1686 ‚
1170 1635 1353 1678 Dominus

109 1698 374 1736 dominantium
398 1713 407 1735 ε

162 1771 237 1823 Qui
258 1775 353 1814 solus
372 1789 435 1826 per
450 1791 490 1816 se
510 1779 718 1818 immortalis
737 1785 812 1827 est,
828 1781 961 1831 quique
976 1780 1034 1819 lux
1054 1787 1128 1828 cst,
1150 1795 1223 1832 prae
1236 1784 1352 1823 nimio

106 1834 297 1885 splendore
315 1865 327 1883 ‚
359 1836 566 1876 mortalibus
595 1839 874 1887 inaccessibilis,
909 1854 1115 1891 quemque,
1143 1855 1216 1892 prae
1241 1841 1352 1882 nimir}

107 1896 207 1944 luce,
230 1897 344 1936 nullus
359 1897 547 1938 hominum
562 1900 675 1939 vidit
667 1915 703 1939 m
720 1900 788 1940 hae
803 1902 898 1948 vita,
920 1916 990 1941 nec
1007 1902 1133 1942 videre
1148 1910 1267 1954 potest
1281 1917 1351 1943 na·-

105 1964 198 1997 turae
219 1960 379 2006 viribus;
403 1962 502 2010 cujus
525 1961 644 2002 honor
670 1970 704 2002 et
730 1966 921 2016 imperium
949 1978 1032 2023 non·
1045 1964 1091 2004 ad
1114 1971 1254 2016 tempus
1274 1972 1348 2014 est,

105 2019 172 2059 sed
191 2020 238 2059 ad
253 2035 401 2061 omnem
418 2025 668 2064 aeternitatem.
686 2022 824 2065 Amen.

159 2094 345 2137 Denuntia
359 2098 466 2147 hujus
481 2101 605 2140 mundi
624 2102 765 2141 divitias
784 2102 1004 2144 habentibus
1017 2134 1027 2150 .‚
1049 2118 1096 2144 ne
1113 2104 1160 2144 de
1175 2119 1214 2144 se
1232 2105 1351 2145 subli-

105 2158 213 2196 miter
233 2161 389 2199 sentiant
406 2190 417 2208 ‚
440 2175 557 2213 neque
578 2164 760 2203 confidant
779 2166 815 2202 in
844 2165 979 2204 divitiis
1001 2168 1144 2204 incertis
1161 2196 1169 2214 ,
1185 2165 1293 2204 fluxis
1313 2173 1352 2206 et

104 2218 311 2271 fugacibus,
329 2221 395 2260 sed
417 2229 454 2261 ut
472 2231 617 2273 sperent
639 2233 675 2265 et
699 2227 883 2266 confidant
905 2230 943 2266 in
969 2225 1091 2266 Deum
1115 2239 1260 2278 semper
1283 2229 1352 2267 vi-

105 2293 193 2321 vum
206 2311 218 2332 ‚
243 2284 304 2336 qui
322 2283 428 2323 nobis
446 2286 568 2324 omnia
586 2284 678 2338 large
697 2288 901 2338 suppeditat
922 2287 967 2327 ad
984 2302 1088 2328 usum
1110 2291 1324 2331 necessaria.

316 2350 354 2377 v.
1155 2357 1181 2396 9
