1462 2540
0 0 8 112 Ι
113 45 119 51 ³
387 33 567 119 {muz
597 79 829 109 tenesmo.
858 44 954 120 Cam
980 65 1046 108 11.
1255 66 1332 115 ²4*

0 134 8 183 {⁵

0 197 9 221 ι,

327 311 334 320 ι
409 274 636 328 CAPUT
657 281 857 328 SECUN
866 280 1019 325 DUM.

587 412 857 464 Purophrosis.

94 515 182 588 Tu
202 561 287 599 ergo
303 577 314 595 ,
337 546 383 586 fili
402 547 475 593 mi,
491 543 597 584 fortis
620 550 699 584 esto
718 557 782 596 per
802 544 953 595 gratiam
968 544 989 581 a
1006 539 1153 581 Christo
1172 544 1239 582 tibi
1260 542 1343 582 col-

93 617 201 671 latam
220 610 276 655 (in
298 606 574 654 ordinatione).

152 685 201 726 Et
226 700 305 739 quae
325 684 411 725 viva
436 698 530 723 voce
557 682 684 722 audisti
711 682 905 733 aliquando
925 697 973 722 ex
993 696 1055 722 ore
1083 696 1168 722 meo
1183 711 1193 728 ,
1219 682 1342 721 coram

97 743 223 790 multis
248 748 400 787 testffius
428 746 557 785 eadem
578 752 699 784 tecum
720 748 741 784 a
763 758 822 783 me
846 745 1100 792 audientibus,
1130 745 1213 783 haec
1239 757 1340 783 nunc

99 810 258 848 vicissim
287 807 389 847 trade
425 813 461 845 et
483 798 701 844 commenda
729 805 897 844 fidelibus
927 813 963 845 et
991 806 1133 845 idoneis
1160 806 1248 845 viris
1278 805 1340 856 qui

108 868 238 909 eadem
253 867 406 907 doceant
428 867 613 918 populum.

158 927 255 967 Mala
271 925 487 977 (Evangelii
501 927 628 975 causa)
653 926 745 966 serto
757 958 768 977 ‚
789 930 879 967 sicut
898 928 1084 980 praeclarus
1100 925 1236 968 Christi
1256 926 1282 967 J
1286 942 1351 968 esu

109 988 229 1028 miles.
1109 999 1116 1006 ·

159 1047 323 1089 Attende
352 1045 450 1097 quod
478 1047 539 1095 qui
569 1043 641 1085 Dei
675 1045 813 1084 militiae
834 1048 1009 1098 ascriptus
1039 1054 1114 1092 est,
1144 1046 1253 1096 huius
1268 1051 1355 1090 vitae

105 1111 261 1161 negotiis
279 1122 354 1148 non
375 1106 591 1158 implicatur,
609 1112 648 1146 ut
664 1120 704 1146 se
717 1113 833 1147 toturn
855 1107 917 1147 det
934 1107 1094 1155 militiae,
1116 1114 1151 1147 et
1169 1108 1305 1160 placeat
1318 1111 1353 1150 ei

116 1175 178 1225 qui
195 1186 237 1211 se
255 1174 292 1211 in
311 1170 464 1211 militem
487 1169 609 1220 elegit.

161 1230 362 1272 Considera
382 1230 479 1284 quod
497 1237 533 1270 et
548 1232 608 1282 qui
624 1237 733 1269 certat
752 1233 789 1268 in
807 1230 960 1281 publicis
978 1232 1256 1279 certaminibus,
1274 1246 1352 1272 non

108 1299 297 1334 coronatur
311 1321 324 1340 ,
352 1294 419 1331 nisi
455 1292 654 1331 secundnm
671 1290 770 1342 leges
787 1289 930 1332 athletis
944 1295 1170 1344 praescriptas
1182 1321 1194 1340 ,
1212 1306 1356 1345 pugna-

111 1356 205 1394 verit
218 1359 256 1392 et
270 1354 417 1392 vicerit.

169 1412 368 1454 Considera
383 1420 418 1454 et
433 1413 530 1464 quod
545 1413 697 1464 agricola
709 1415 745 1452 in
760 1412 853 1452 terra
866 1413 1018 1453 colenda
1030 1415 1208 1464 assiduus,
1221 1416 1359 1465 primus

42 1516 45 1517 γ
117 1482 172 1515 est
188 1472 226 1514 ir'i
243 1473 487 1526 percipiendis
506 1477 580 1524 agri
599 1476 654 1512 sui
675 1473 865 1514 fructibus.

173 1547 358 1599 Expende
390 1561 473 1599 quae
490 1549 712 1599 aenigmatice
741 1550 844 1593 dico;
877 1549 990 1588 aderit
1010 1551 1076 1589 tibi
1095 1547 1296 1597 Dominus,
1321 1554 1359 1589 et

121 1607 340 1648 intellectum
360 1607 458 1647 dabit
478 1610 513 1646 in
527 1609 698 1647 omnibus
714 1607 773 1656 (si
800 1608 995 1648 attenderis
1028 1616 1063 1647 et
1095 1609 1265 1648 auxilium
1283 1622 1356 1660 pe·-

124 1668 259 1717 lieris).

171 1727 362 1770 Memento
375 1737 411 1770 et
429 1733 544 1781 cogita
556 1741 656 1780 saepe
671 1729 769 1779 quod
789 1726 969 1768 Dominus
984 1727 1092 1768 Jesus
1107 1727 1271 1769 Christus
1282 1759 1293 1777 ,
1312 1744 1363 1771 ex

42 1798 55 1802 “”
119 1789 276 1830 Davidis
306 1793 446 1830 semine
473 1798 595 1830 natus.
611 1790 718 1841 (post
752 1797 907 1829 mortem
932 1790 1138 1838 acerbam),
1166 1794 1363 1830 resurrexit

120 1850 309 1902 gloriosus,
319 1852 519 1892 secundum
531 1850 721 1902 Evangelii
731 1853 918 1891 veritatem
932 1865 1038 1904 quam
1050 1853 1220 1891 omnibus
1227 1852 1365 1904 ubique
1383 1861 1400 1869 “

130 1912 303 1963 praedico.

48 2035 53 2037 ’
122 2035 238 2082 patior
255 2032 470 2073 afflictiones
482 2040 519 2072 et
536 2034 806 2085 persecutiones
822 2045 937 2084 usque
954 2032 1000 2070 ad
1021 2045 1202 2071 carcerem
1222 2040 1259 2072 et
1274 2034 1366 2073 vin-

125 2091 223 2135 cula,
244 2095 345 2143 quasi
366 2094 545 2133 maleficus
563 2100 599 2131 et
615 2091 838 2132 facinorosus
855 2093 1000 2143 quidam
1016 2107 1027 2138 ;

181 2148 374 2191 Memento
387 2181 400 2200 ‚
423 2156 569 2204 inquam
581 2182 593 2201 ,
613 2153 711 2206 quod
729 2154 868 2193 vincula
888 2154 1034 2206 quidem
1053 2154 1180 2204 patior,
1202 2152 1269 2191 sed
1283 2167 1367 2193 ver-

129 2213 218 2250 bum
238 2209 311 2251 Dei
331 2212 482 2252 vinculis
496 2225 573 2251 non
597 2213 825 2265 adstringitur
844 2212 975 2264 (quia,
1004 2214 1070 2252 etsi
1090 2212 1238 2263 ligatus,
1260 2226 1363 2265 prz-

127 2271 212 2312 dico
222 2272 257 2321 ).

338 2339 377 2365 v.
1108 2339 1125 2364 ι
1136 2339 1153 2364 1

175 1970 369 2012 Memento
385 1979 422 2012 et
438 1973 535 2026 quod
548 1968 951 2023 propter‘Evangetium
972 1985 1041 2022 ego
1055 1973 1249 2023 (magister
1258 1973 1361 2021 tuus)
1422 1999 1427 2004 -
