1448 2540
366 69 558 124 'rffirfi‘x
586 87 824 123 exposta-10.
854 76 947 133 Cup.
975 62 1031 121 V.
1243 67 1322 136 169

402 312 617 360 CAPUT
674 311 995 373 QUINTUM.

551 451 819 503 Paraphrasis.

74 553 263 628 JErfflz
277 589 460 627 seniorem
475 600 523 626 ne
539 588 807 638 objurgaveris;
826 587 893 627 sed
913 587 1046 627 blande
1062 593 1098 628 et
1115 593 1328 628 reverenter

74 651 245 699 admone,
259 652 349 689 sicut
365 650 460 689 filius
478 651 538 701 qui
555 664 659 690 suum
675 649 850 689 admonet
864 657 1003 703 patrem
1017 667 1026 699 ;
1044 652 1196 701 juvenes
1211 649 1325 689 blan-

74 713 137 764 de,
154 719 194 754 nt
211 712 352 762 fratres,
369 713 530 753 hortare.

128 773 289 824 Maiores
310 781 397 815 natu
429 774 599 814 mulieres
621 788 732 814 mone
747 802 759 823 .‚
788 781 827 814 ut
852 780 1010 822 matres;
1043 771 1328 816 adotesoentntas

76 838 222 881 hortare
236 870 247 890 ‚
264 847 304 880 ut
320 853 466 879 sorores
478 869 488 888 ‚
513 854 597 879 cum
627 841 727 880 omni
748 841 915 890 puritate.

133 917 298 966 Viduas,
324 931 405 970 quae
423 922 512 958 vere
537 925 622 958 sunt
640 919 786 968 viduae,
806 919 860 958 ale
882 925 917 959 et
934 925 1108 960 sustenta.

134 979 176 1021 Si
201 995 268 1034 qua
284 987 405 1020 autem
427 981 557 1027 vidua,
578 983 658 1019 viro
674 981 822 1032 quidem
840 983 988 1030 orbata,
1011 983 1080 1023 sed
1102 981 1332 1023 facultatibus

79 1056 155 1082 non
171 1042 363 1089 destituta,
385 1041 477 1081 filios
503 1047 561 1080 aut
584 1041 738 1080 fitiorum
756 1041 849 1080 filios
870 1041 1003 1087 haben

135 1102 233 1144 Haec
259 1110 343 1143 ante
369 1106 490 1142 omnia
519 1103 631 1142 diseat
656 1102 828 1142 samniam
846 1116 972 1150 suam,
993 1102 1064 1142 hos
1083 1103 1219 1144 scilicet
1237 1104 1333 1145 filios

81 1173 140 1207 aut
157 1172 309 1219 nepotes
324 1195 335 1214 ‚
356 1167 416 1218 pie
437 1166 611 1204 instruere
631 1171 666 1203 ct
686 1177 836 1216 regere;

135 1224 268 1278 Sicque
281 1225 504 1266 educationis
520 1224 740 1264 beneficium
755 1253 766 1274 ,
784 1224 884 1275 quod
897 1225 917 1262 ὲ
933 1224 1140 1274 parentibus
1167 1224 1328 1275 accepit,

82 1291 120 1331 in
144 1288 237 1328 filios
258 1286 450 1328 refundere
469 1300 479 1324 :

138 1348 231 1391 Hoc
247 1351 344 1389 enim
366 1356 457 1400 opus
478 1354 533 1387 est
554 1345 638 1388 Deo
665 1353 820 1399 gratum.

138 1408 233 1460 Quae
249 1416 370 1450 autem
386 1413 474 1449 vere
490 1409 597 1448 vidua
614 1415 683 1455 est,
705 1408 742 1447 id
761 1415 830 1455 est,
848 1407 1007 1448 desolata
1028 1414 1063 1448 et
1078 1411 1180 1449 omni
1197 1409 1332 1451 auxilio

84 1472 252 1512 destituta
264 1501 276 1520 ‚
301 1475 339 1512 in
357 1471 478 1511 Deum
493 1478 613 1522 speret
632 1471 882 1523 opitulatorem
895 1501 907 1521 ‚
926 1478 962 1511 et
979 1473 1148 1511 obsecret
1166 1472 1309 1512 assidue
1321 1502 1332 1522 ,

83 1535 239 1587 orationi
259 1547 390 1574 vacans
406 1539 515 1572 nocte
531 1539 570 1571 et
588 1531 660 1572 die.

139 1630 195 1674 At
222 1632 332 1673 vidua
365 1632 503 1672 deliciis
539 1631 685 1680 dedita,
720 1631 859 1671 mundo
892 1634 1047 1680 vivens,
1079 1629 1165 1673 Deo
1191 1640 1334 1674 mortua

46 1706 55 1722 -”
86 1702 155 1736 est.

140 1754 191 1797 Et
210 1755 290 1797 haec
310 1771 388 1810 quae
415 1759 490 1798 dixi
521 1759 692 1798 omnibus
715 1757 835 1797 viduis
858 1758 1014 1811 praecipe
1046 1763 1082 1798 et
1108 1757 1267 1810 explica,
1293 1763 1333 1798 ut

24 1815 31 1837 s
59 1839 65 1845 ·
87 1833 147 1860 eas
164 1819 281 1859 nullus
299 1821 376 1868 jure
392 1823 504 1872 possit
525 1819 806 1872 reprehendere.

140 1879 179 1921 Si
197 1884 276 1933 quis
294 1889 430 1928 autern,
447 1882 505 1922 vel
526 1884 556 1922 si
576 1895 657 1933 quae
670 1883 738 1921 sibi
755 1882 928 1932 sanguine
948 1881 1078 1931 junctis
1092 1911 1102 1929 ‚
1120 1887 1156 1920 et
1173 1881 1334 1922 maxime

86 1944 155 1983 sibi
171 1942 480 1992 cohabitantibus,
510 1958 585 1983 non
604 1946 802 1996 prospicit3
838 1943 953 1982 fidem
977 1941 1206 1984 christIanam
1225 1957 1334 1995 quam

24 2005 60 2014 '⁴
87 2004 276 2055 profitetur
307 2003 376 2044 hac
398 2005 461 2044 sua
483 2004 617 2045 duritia
637 2007 805 2057 negavit,
837 2010 873 2044 et
890 2003 959 2044 hac
982 2005 1021 2044 in
1050 2010 1151 2056 parte
1175 2004 1335 2045 deterior

0 2223 16 2253 ι’,

88 2070 143 2103 est
160 2065 308 2115 infideli,
330 2068 389 2118 qui
409 2079 494 2106 suos
516 2073 626 2107 curat.

143 2126 263 2168 Vidua
286 2130 500 2181 in-cataiogo
516 2131 708 2170 viduarum
728 2131 775 2170 ab
790 2126 955 2170 Ecclesia
969 2128 1179 2169 alendarum
1190 2128 1333 2168 adscri-

88 2190 212 2230 benda
242 2192 511 2241 sexagesimum
538 2195 693 2244 attigerit
710 2206 864 2242 annum,
881 2191 1059 2232 secundas
1086 2203 1164 2240 non
1184 2195 1335 2242 experta

87 2252 231 2302 nuptias
250 2279 263 2300 ‚

0 2307 41 2395 Ξ
144 2326 268 2378 Quam
294 2329 478 2369 bonorum
493 2341 646 2381 operum
660 2328 754 2370 sama
769 2329 960 2369 comitetur
973 2356 986 2379 ,
1004 2329 1036 2368 si
1054 2326 1149 2368 filios
1164 2329 1225 2381 pie
1241 2326 1332 2369 edu-

11 2462 44 2537 5⁶³·

197 2395 241 2423 v.
1172 2381 1200 2424 8
