1462 2540
350 65 526 97 rrum
553 64 780 95 Exposrrto.
809 53 904 105 Cap.
931 53 955 93 1
960 49 1030 95 V.»
1052 63 1078 80 ²
1237 63 1315 106 ,297

117 122 164 170 Ϋ.
181 127 222 168 3.
242 127 326 167 Eric
342 127 442 166 em‘m
458 131 643 176 tempus...
660 125 762 176 quasi
778 123 942 164 diceret:

119 189 211 232 Non
227 191 306 230 sine
324 186 428 229 causa
441 217 451 235 ‚
472 187 682 227 charissime
707 185 756 226 fili
770 215 780 235 ‚
804 192 841 226 te
869 187 920 225 sic
940 185 1065 235 adjuro
1080 189 1121 223 ut
1136 188 1198 223 tuo
1218 195 1317 235 gna-

65 256 159 294 viter
177 243 363 294 incumbas
382 251 518 292 officio.

98 310 265 354 'Etenim
282 320 425 365 tempus
442 313 548 351 brevi
565 309 721 350 futurum
744 311 911 360 inspicio,

121 372 216 414 Cizm
237 389 372 414 sanam
390 374 619 420 doctrinam,
642 371 679 411 id
694 377 747 410 est
765 401 775 421 ‚
796 373 833 410 in
853 384 924 423 quo
944 366 1115 409 homines
1136 367 1321 409 christiani

70 441 313 492 evangelicam
332 439 533 479 doctrinam
559 451 638 490 qnae
653 437 725 476 sola
745 451 829 477 sana
849 443 902 476 est
915 465 925 484 ,
951 436 1140 474 sanitatem
1157 442 1195 475 et
1217 448 1324 475 sanc-

69 505 207 543 titatem
228 504 361 542 animae
376 500 595 557 conferens,
618 499 768 552 amplius
785 513 860 538 non
878 497 1016 545 ferent,
1039 497 1104 537 sed
1121 511 1201 537 cam
1220 497 1322 538 velut

69 578 161 604 onus
178 565 246 603 sibi
265 577 375 615 grave
393 570 430 603 et
446 561 672 614 importabile
690 561 850 610 rejicient
870 561 916 600 ab
940 559 1100 598 humeris
1120 561 1208 599 suis.

121 623 200 665 Sed
211 627 267 677 lud
286 642 354 666 sua
372 626 594 665 desideria...
615 624 701 664 hinc
721 623 938 675 evangelicis
959 635 1034 662 non
1057 623 1220 662 contenti
1240 621 1323 660 doc-

67 688 224 736 toribus,
246 690 384 727 temere
400 693 435 726 et
452 689 532 725 sine
552 686 691 725 delectu
707 716 716 733 ,
735 688 834 735 juxta
853 690 1019 736 corrupta
1036 683 1156 722 cordis
1172 685 1228 722 sui
1246 681 1321 721 de-

69 749 198 790 sideria
211 780 222 799 ‚
242 763 304 789 seu
317 778 326 796 ,
352 755 389 788 ut
409 750 481 788 suis
499 750 618 800 pravis
638 748 854 787 satisfaciant
873 747 1194 799 concupiscentiis,

127 810 402 849 Coacemabunt
419 812 493 849 sihi
513 811 727 860 magistros,
749 809 951 848 adsciscent
968 809 1037 847 sibi
1057 815 1091 847 et
1108 806 1323 859 multiplica·

71 875 163 913 hunt
176 874 366 923 magistros
380 873 452 910 suis
468 872 601 922 placitis
613 871 812 911 benevolos
824 902 834 920 ,
851 878 882 911 et
899 873 958 923 qui
973 873 1046 910 suis
1060 869 1201 909 titillent
1215 871 1324 910 vitiis,

125 937 352 983 Prurientes,
367 933 592 985 κνηθόμενοι,
615 938 652 975 ἰη
669 938 910 986 nominativo,
928 937 1027 989 quasi
1041 937 1177 976 diceret
1193 933 1324 975 :Tales

67 1001 137 1039 sibi
152 1001 340 1051 magistros
357 998 510 1050 eligent,
526 999 608 1050 quia
625 999 691 1048 ipsi
711 1000 871 1048 pruriunt
887 998 1046 1046 auribus,
1060 997 1098 1036 id
1115 1003 1191 1046 est,
1209 1010 1324 1046 nova,

67 1061 243 1112 placentia
257 1091 267 1110 ,
284 1060 404 1100 mollia
426 1062 575 1113 cupiunt
601 1060 741 1099 audire.

125 1119 305 1171 Quaerunt
319 1129 559 1162 assentatores
579 1125 638 1173 qui
659 1124 726 1161 sibi
742 1122 991 1169 blandiantur,
1013 1123 1146 1174 quique
1164 1134 1245 1160 suas
1259 1122 1324 1173 ip·-

73 1195 195 1222 sorum
216 1195 318 1221 aures
335 1182 464 1222 leniter
482 1183 659 1234 scalpant,
686 1198 760 1223 non
781 1187 869 1223 vero
889 1184 948 1236 qui
967 1185 1118 1222 veritate
1136 1189 1170 1222 et
1186 1188 1325 1222 terrore

73 1240 254 1292 gehennae
270 1243 407 1283 radant.

130 1299 183 1351 y.
206 1304 245 1352 4,
269 1305 316 1343 Ec
333 1306 358 1342 ὰ
380 1304 535 1344 veritate
557 1305 747 1357 quidem...

131 1362 354 1406 Hinc-aures
375 1372 540 1406 avertent
561 1368 606 1405 ab
632 1364 821 1418 Evangelii
841 1368 1015 1418 veritate,
1035 1367 1132 1422 quod
1149 1367 1235 1408 nulli
1260 1381 1324 1407 as-

79 1433 255 1467 sentatur.
957 1458 966 1464 ,

134 1487 363 1538 Adsabulas
381 1495 545 1528 aufem...
569 1488 614 1527 ad
635 1488 769 1528 fabulas
786 1489 1085 1540 autemjudairas
1100 1520 1111 1540 ,
1131 1497 1188 1530 aut
1206 1490 1327 1531 haere-

78 1551 228 1589 ticorum
253 1555 469 1590 convertent
492 1550 616 1589 insana
640 1553 860 1591 curiositate.
1207 1546 1220 1566 x

130 1609 297 1651 Advorte
315 1611 500 1662 quomodo
517 1614 667 1663 pruritus
683 1615 817 1651 aurium
830 1643 838 1659 ,
857 1614 1040 1652 curiositas
1054 1616 1204 1662 mentis,
1222 1628 1325 1655 aures

76 1671 304 1722 spiritualiter
313 1670 531 1712 fornicantes
543 1672 599 1719 (ut
613 1675 661 1712 ait
677 1670 723 1712 D.
739 1671 895 1724 August.
906 1704 915 1722 ,
929 1681 1028 1715 tract.
1041 1676 1107 1730 94,
1125 1678 1161 1714 in
1176 1673 1321 1728 Joan.)‚

77 1738 244 1771 avertunt
263 1734 419 1772 animam
436 1736 457 1772 a
474 1737 625 1773 veritate
638 1764 648 1782 ,
665 1742 883 1776 convertunt
903 1737 949 1776 ad
970 1740 1167 1778 vanitatem
1181 1768 1192 1788 ,
1213 1739 1325 1778 fidem

79 1794 289 1844 destruunt,
310 1795 610 1837 christianismum
631 1806 811 1839 evertunt.

130 1853 176 1895 In
194 1864 280 1908 quot
300 1854 512 1897 Christianis
528 1858 601 1899 hoc
618 1856 835 1912 completum
863 1863 942 1902 estt·

131 1915 233 1956 Hinc
254 1917 414 1958 haerctici
430 1948 441 1967 ,
464 1919 549 1960 hinc
569 1929 604 1960 ct
623 1924 723 1975 impii
743 1925 804 1974 qui
825 1924 962 1963 divinis
982 1923 1069 1963 fidei
1085 1924 1295 1964 veritatibus
1311 1953 1323 1973 ,

77 1991 142 2029 per
157 1985 208 2018 tot
224 1979 354 2018 saecuta
371 1989 405 2019 et
434 1994 498 2032 per
512 1988 563 2023 tot
583 1987 720 2024 motiva
744 1983 845 2024 sactis
863 1985 1052 2024 evidenter
1073 1986 1302 2025 credibilibus
1316 2015 1326 2034 ,

14 2047 23 2049 “
79 2039 224 2079 credere
251 2041 512 2092 detrectantes,
531 2048 635 2086 vanis
662 2047 855 2087 hominum
870 2049 1021 2087 somniis
1044 2055 1079 2088 et
1100 2049 1234 2088 delitiis
1258 2061 1324 2087 as-

21 2109 25 2112 ’
80 2116 229 2142 sensum
249 2105 480 2154 praebebunt.

133 2161 232 2203 Sicut
259 2166 378 2216 itaque
398 2180 447 2205 ex
469 2168 589 2208 auditu
609 2172 759 2222 simplici
778 2200 788 2220 ,
807 2171 963 2210 verbum
988 2171 1139 2212 fidei=et
1157 2173 1327 2212 christia-

16 2226 22 2228 ’
78 2224 216 2262 nismus
236 2238 245 2262 :
266 2226 313 2262 ita
335 2238 382 2264 ex
405 2225 719 2281 auditucurioso,
750 2234 955 2283 pruriente,
986 2233 1184 2273 destructio
1211 2234 1296 2274 fidei
1313 2263 1324 2283 ‚

81 2286 225 2324 eversio
245 2284 513 2328 christianismi.
