1448 2540
738 20 751 39 Ι

373 72 550 131 unirux
578 98 807 129 uuosmo.
837 84 944 140 Cap.
962 82 1045 128 III.
1301 86 1366 132 55

162 164 252 208 Hoc
271 165 464 207 bominum
481 180 620 220 genere
640 165 732 206 nihil
750 167 790 206 in
814 167 992 207 societate
1023 167 1127 219 pejus
1145 180 1155 205 ε
1176 165 1266 208 hinc
1282 181 1368 208 nort

58 249 62 252 ·
105 230 242 269 mirum
257 228 289 267 si
302 228 400 268 tanta
415 231 611 268 severitate
627 230 692 268 eos
708 233 875 267 coerceat
893 225 1105 279 Apostolus.

162 291 291 333 Debet
310 295 558 345 unusquisque
576 290 804 332 Christianus
825 290 945 331 facere
961 290 1060 343 quod
1078 289 1140 330 hic
1154 288 1367 331 Thessalo-

110 353 323 394 nicensibus
342 355 503 404 praecipit
520 350 724 405 Apostolus
737 380 748 399 ‚
765 351 995 391 inordinatos
1014 355 1140 394 vitare.

166 414 218 454 Et
229 429 304 454 uon
324 414 525 455 secundum
549 412 846 453 unanimem...

162 472 272 517 Inter
286 477 352 517 alia
367 477 455 517 vitae
471 483 652 527 praecepta
666 505 678 525 ,
693 489 757 515 eos
776 473 862 514 viva
877 487 971 514 voce
991 474 1164 514 docuerat
1192 470 1365 527 Aposto-

107 541 164 582 tus
181 548 220 581 ut
236 544 355 593 quivis
381 539 582 589 laboraret,
605 540 724 580 nullus
742 540 884 579 inertiae
910 546 1091 587 vacaret,
1126 538 1243 578 nullus
1260 541 1369 589 otio,

109 603 164 656 y.
183 619 232 644 10
251 620 261 644 :
277 604 366 644 hinc
382 619 456 643 non
474 604 678 643 secundum
700 604 996 642 traditionem....

164 667 208 711 ἵ.
230 683 267 716 7.
289 670 373 721 Ipsi
386 671 487 708 enim
505 672 608 708 scitis
627 669 980 721 quemadmodum...

165 730 263 782 Quia
309 735 384 772 otio
439 733 546 772 valde
578 733 692 773 dediti
722 738 822 772 erant
863 730 1213 772 Thessalonicenses
1230 760 1242 782 ‚
1277 731 1372 771 hinc

110 792 245 835 Paulus
262 808 338 834 non
353 796 477 834 verbis
495 798 637 834 tantum
654 794 818 834 laborem
836 796 890 833 eis
902 796 1072 847 praecepit
1087 808 1097 839 ς
1115 793 1183 834 sed
1197 799 1235 834 et
1257 793 1370 844 hujus

109 859 264 897 instituti
283 857 386 897 dedit
402 857 626 908 exemplum,
641 858 716 896 suis
732 857 901 896 manibus
919 863 1031 896 nocte
1045 856 1213 896 laborans
1231 863 1269 895 et
1288 854 1368 896 die.

169 918 272 959 Hinc
300 923 374 970 ipsi
399 922 518 968 scitis,
552 922 652 974 quasi
671 920 835 961 diceret:
857 914 1086 973 Exemplum
1111 918 1196 959 dedi
1225 919 1333 959 vobis
1350 933 1365 956 ε

110 984 234 1034 itaque
250 996 318 1021 nos
336 984 546 1022 imitemini.

170 1041 255 1083 Nec
269 1045 406 1082 otiosus
422 1041 475 1082 sui
491 1056 562 1082 nec
574 1044 771 1094 inquietus.

169 1099 224 1150 ἵ.
240 1101 281 1142 8.
299 1101 429 1153 Neque
452 1105 571 1152 gratis
596 1117 734 1153 panem
763 1102 1130 1142 manducavimus....
1149 1099 1218 1143 Gr.
1233 1104 1374 1155 accipi·

114 1178 223 1211 mus3
243 1164 344 1204 idem
360 1163 447 1203 vide
465 1166 502 1202 in
526 1164 642 1215 prima
662 1163 814 1216 epistola
828 1193 840 1212 ‚
856 1177 936 1215 cap.
959 1179 998 1203 2.
1014 1161 1068 1214 Y
1088 1178 1128 1219 9.

170 1230 245 1268 Sed
257 1231 296 1268 in
312 1230 437 1268 labore
449 1236 485 1267 et
492 1227 741 1279 fatigatione.
759 1225 889 1268 Graeca
908 1240 986 1267 vox
1005 1228 1191 1278 significat,
1203 1228 1375 1269 laborem

114 1293 347 1343 graviorem,
369 1292 431 1343 qui
448 1290 645 1343 defatigare
657 1290 751 1330 solet
765 1295 803 1329 et
816 1289 990 1329 sudorem
1011 1291 1234 1342 exprimere.

173 1350 296 1395 Nocte
313 1363 351 1394 ct
369 1355 427 1393 de‘e
445 1362 651 1406 operantes,
675 1353 923 1394 assiduitatem
945 1352 1080 1392 laboris
1097 1355 1283 1404 exprimit.

177 1415 264 1458 Erat
288 1419 373 1457 artis
420 1416 714 1465 scenofactoriae,
742 1430 807 1456 seu
835 1416 1036 1456 consuebat
1064 1416 1296 1456 tabernacula
1322 1430 1380 1457 ex

119 1480 291 1532 pellibus,
311 1482 442 1531 quibus
461 1481 595 1520 milites
614 1484 653 1519 in
671 1481 795 1518 castris
815 1485 1014 1519 uterentur.

178 1539 281 1586 Hinc
295 1537 501 1592 Origenes,
514 1539 665 1579 homilia
686 1554 701 1579 ι
711 1554 748 1590 7.
759 1542 798 1579 in
814 1537 931 1579 Num.
942 1541 1014 1579 ait:
1036 1537 1168 1579 Paulus
1183 1543 1204 1580 a
1222 1539 1372 1580 sacien-

115 1600 178 1640 dis
194 1602 427 1642 tabernaculis
441 1604 593 1642 terrenis
606 1601 651 1642 ad
666 1601 825 1640 coelestia
840 1601 1082 1640 construenda
1095 1602 1281 1642 translatus
1297 1609 1371 1643 est.

502 1690 766 1719 OBSERVA'no
797 1690 859 1717 uo
865 1690 887 1716 R
894 1689 993 1718 Ans·

179 1754 258 1796 Sed
274 1756 453 1809 quod'liic
472 1757 590 1808 magis
610 1754 816 1795 mirandum
831 1755 986 1794 occurrit
1002 1783 1013 1803 ‚
1037 1760 1187 1804 utraque
1201 1752 1380 1794 taberna-

123 1820 203 1858 cula
220 1819 326 1859 simul
342 1818 520 1866 faciebat,
538 1825 574 1859 et
591 1825 735 1858 terrena
754 1824 790 1857 et
807 1817 966 1857 coelestia
984 1833 993 1854 ε
1008 1823 1042 1856 et
1065 1818 1202 1855 animas
1220 1829 1380 1855 conver·

123 1882 249 1928 tebat,
272 1887 307 1921 et
323 1881 490 1920 manibus
521 1880 707 1920 laborabat
725 1896 733 1925 ;
753 1885 789 1918 et
820 1875 1001 1918 Ecclesias
1018 1876 1215 1925 fundabat,
1240 1883 1276 1916 et
1296 1882 1381 1916 ter-

125 1956 214 1983 rena
232 1943 463 1984 tabernacula
484 1944 545 1982 diu
565 1949 751 1994 noctuque
766 1941 966 1981 consuebat
985 1953 1055 1979 :ne
1072 1951 1218 1991 panem,
1240 1939 1375 1990 inquit,

123 2005 305 2044 anemine
321 2006 429 2056 gratis
445 2006 664 2055 acciperem.

179 2062 315 2118 Papae!
335 2064 472 2106 Paulus
503 2063 686 2106 Gentium
717 2061 919 2117 Apostolus
936 2092 949 2112 ‚
973 2064 1084 2102 totius
1108 2062 1210 2101 orbis
1232 2060 1388 2112 doctor,

130 2135 185 2168 tot
199 2137 234 2168 et
252 2136 430 2170 tantarum
454 2128 699 2170 Ecclesiarum
721 2134 847 2180 pater,
873 2128 1045 2178 magister
1063 2133 1100 2166 et
1122 2131 1266 2165 curator
1280 2124 1385 2164 solli·

134 2192 224 2229 citus
239 2220 251 2239 ‚
281 2190 340 2230 diu
370 2199 554 2244 noctuque
582 2192 749 2238 laborat,
770 2197 806 2230 et
822 2203 939 2242 usque
960 2189 1007 2228 ad
1024 2187 1320 2238 defatigationem
1338 2190 1385 2227 et

130 2252 304 2292 sudorem
323 2251 477 2300 laborat,
497 2260 536 2293 ut
553 2267 686 2306 panem
705 2255 818 2303 gratis
836 2264 910 2290 non
930 2248 1121 2288 comedat!

180 2310 218 2352 O
235 2315 478 2367 spectaculum
497 2312 578 2354 Deo
596 2341 608 2362 ,
629 2321 666 2354 et
678 2312 814 2365 angelis
828 2342 838 2360 ,
859 2317 895 2350 et
913 2310 1130 2350 hominibus
1146 2307 1327 2361 dignum!
