1448 2540
30 43 41 103 g*
370 51 551 91 m
575 52 805 84 mosum.
822 37 919 95 Cap.
944 40 1025 90 111.
1248 38 1342 94 ὥς
1398 49 1404 54 ·

28 115 30 119 ’
130 121 183 166 D.
204 119 396 176 chrysost.
411 133 489 161 non
510 121 624 171 turpis
639 119 726 160 lucri
742 122 976 172 appetitores.

135 185 288 228 samum
301 183 554 226 effodiebant
576 186 769 224 ararium.
791 182 879 225 hinc
893 197 980 223 non
982 182 1088 224 decet
1103 196 1188 226 esse
1202 186 1332 237 turpi-

78 250 223 291 lucrios.

63 320 70 325 ’
133 307 264 351 Omne
277 307 439 349 studium
452 306 541 348 lucri
557 305 695 348 soedum
714 313 769 347 est
785 306 916 347 clerico
933 321 945 346 :
962 305 1049 347 hinc
1062 308 1332 360 negotiatioeis

0 377 9 424 ξ
78 373 277 427 prohibita.

0 427 10 479 i
133 428 181 476 Ϊ.
197 449 242 488 9.
263 433 455 472 Habentes
471 430 852 484 mysterium-fidei...-

0 494 17 534 ὲ
137 495 272 537 Fidem
291 498 546 548 mysteriorum
559 494 764 535 cliristianae
774 495 957 546 religionis
968 523 978 541 ,
992 508 1057 535 seu
1076 494 1191 536 fidem
1207 494 1342 537 chris-—

0 545 15 577 ᾖ
77 561 215 600 tianam
236 566 496 599 conservantes
509 561 546 598 in
567 560 690 597 animo
707 558 778 597 sibi
797 558 894 597 bene
911 559 1072 597 conscio.

135 618 311 661 Habeant
328 620 440 660 fidem
452 626 489 659 et
506 621 930 667 bonamconscientiam‚
946 621 1039 658 sicut
1056 633 1136 672 cap.
1156 635 1191 661 ι.
1203 614 1249 661 f.
1269 635 1339 675 ¹9-

133 679 366 721 Conscientia
393 695 479 732 pura
499 688 578 731 est,
603 693 687 733 quae
702 682 740 720 in
767 680 843 721 vita
861 694 938 720 non
958 686 1081 733 potest
1095 680 1339 733 reprehendi·

0 797 2 799 ‚
76 740 399 795 Theophytactus.

0 802 4 807 ’
134 801 212 844 Per
234 803 341 843 talem
361 803 622 842 conscientiam
643 801 843 842 custoditur
866 801 957 841 fides
971 832 984 851 ‚
1003 816 1087 854 quae
1104 803 1224 855 pravis
1239 815 1336 841 rno-

79 865 184 903 ribus
201 864 430 916 deperditur,
455 876 538 915 cap.
559 877 595 903 ι.
616 861 668 910 Y.
692 878 754 916 ¹9·

135 922 219 964 Sint
231 937 317 974 ergo
338 926 376 963 in
390 922 464 963 fide
479 926 632 970 sinceri,
653 931 691 964 et
707 927 745 964 in
762 923 837 963 vitat
852 922 1204 975 irreprehensibiles.

135 985 210 1027 Alii
231 1001 298 1039 per
327 985 653 1038 mysteriumfidci
676 987 877 1038 intelligunt
895 988 1158 1026 sanctissimam
1177 982 1337 1025 Eucha*

80 1049 218 1087 ristiam
231 1078 244 1097 ‚
277 1061 357 1099 quae
386 1049 673 1087 antonomastice
700 1054 847 1086 vocatur
884 1049 1096 1097 myster-tum
1121 1046 1227 1097 fidei
1236 1074 1250 1093 ,
1291 1052 1336 1086 et

79 1109 204 1149 volunt
226 1112 448 1162 praecipuum
466 1108 702 1148 diaconorum
729 1108 889 1148 officium
917 1107 979 1147 hic
1006 1108 1207 1158 designari,
1229 1108 1341 1159 quasi

78 1171 218 1212 diceret
235 1187 245 1210 z
265 1169 425 1212 Calicem
458 1169 642 1218 Domini,
676 1172 889 1222 mysterium
907 1169 1012 1220 fidei
1023 1198 1036 1215 ,
1075 1169 1161 1221 pura
1186 1174 1341 1218 mente,

79 1237 250 1288 purisque
267 1235 453 1274 mentibus
471 1239 622 1273 tractent
640 1246 681 1272 ac
700 1232 834 1285 populo
851 1233 1069 1271 ministrent.

135 1295 185 1337 Et
200 1301 286 1338 sane
306 1298 366 1337 hic
383 1310 511 1336 sensus
528 1302 581 1335 est
598 1295 703 1335 valde
719 1297 920 1346 appositus.

136 1357 194 1410 y·
218 1374 279 1399 ιο.
299 1360 350 1398 Et
366 1359 409 1396 1ιί
422 1365 547 1396 aulem
563 1358 763 1408 probentur
778 1357 954 1407 primum.

136 1420 186 1459 Ee
205 1416 249 1458 h‘i
262 1421 385 1471 primo
401 1419 552 1470 quidem
568 1419 782 1469 probentur,
805 1417 843 1456 id
861 1422 935 1461 est,
956 1416 1017 1455 fiat
1033 1414 1080 1454 de
1099 1414 1238 1455 illorum
1251 1414 1331 1454 vita

79 1486 119 1520 et
142 1482 304 1519 moribus
319 1480 523 1531 exploratio
540 1493 550 1517 τ
570 1482 601 1518 si
618 1486 825 1518 constantes
844 1480 882 1517 in
899 1478 974 1517 fide
987 1507 999 1527 ,
1031 1479 1062 1516 si
1081 1479 1118 1516 in
1145 1478 1220 1517 vitat
1237 1480 1338 1518 irre:
1391 1516 1400 1518 ,

81 1542 361 1594 prehensibites.

138 1600 229 1642 Post
251 1617 358 1654 quarn
387 1602 700 1654 explorationem,
732 1602 762 1639 si
796 1602 1023 1653 apparuerint
1050 1598 1331 1647 inaccusabiles,

82 1677 147 1703 seu
164 1664 253 1704 nihil
270 1667 324 1704 eis
343 1667 456 1716 possit
474 1666 607 1715 objici,
625 1662 836 1702 ordinentur
855 1668 892 1701 et
906 1660 954 1699 ad
968 1673 1072 1700 suum
1090 1661 1334 1699 ministerium

82 1724 327 1765 admittantur.
607 1716 616 1722 ’

141 1784 242 1835 Hinc
267 1795 344 1828 orta
362 1794 416 1827 est
433 1789 579 1839 antiqua
610 1784 859 1833 consuetudo,
890 1790 929 1824 ut
950 1782 1175 1837 publicentur
1206 1782 1241 1820 in
1260 1794 1338 1820 ec·—

83 1849 194 1889 clesizi
212 1850 492 1890 ordinandorum
511 1852 658 1888 nomina
670 1879 682 1899 ‚
706 1849 752 1888 ad
770 1847 842 1886 hoc
860 1853 917 1896 ut,
938 1850 967 1887 si
988 1849 1066 1898 quis
1082 1845 1214 1886 habeat
1231 1843 1337 1897 quod

85 1911 124 1949 in
143 1914 197 1950 eis
215 1913 352 1963 culpet,
373 1912 458 1951 illud
477 1911 644 1964 proferat.

139 1970 240 2011 Sicut
257 1987 344 2024 ergo
360 1977 553 2026 episcopus
570 1987 644 2012 non
662 1972 772 2012 debet
790 1969 995 2023 neophytus
1013 1983 1093 2009 esse
1105 1997 1115 2015 ,
1141 1970 1194 2007 sic
1209 1979 1334 2019 neque

87 2033 261 2074 diaconus
279 2037 458 2083 ordinari,
479 2039 548 2075 nisi
564 2036 672 2086 longo
689 2043 855 2086 tempore
876 2032 1094 2084 exploratus.

144 2092 202 2132 De
231 2096 458 2136 ordinatione
483 2111 561 2136 non
595 2098 749 2148 loquitur
778 2094 999 2145 Apostolus,
1031 2095 1112 2144 quia
1128 2088 1335 2130 Timotheo

88 2154 175 2193 ⁰0¹5
189 2184 198 2201 ι
232 2163 307 2194 turn
339 2171 387 2196 ex
415 2158 479 2196 sua
499 2158 750 2206 ordinatione,
771 2163 848 2195 turn
875 2169 923 2195 ex
944 2155 1172 2194 ordinatione
1190 2158 1335 2203 septem

12 2215 17 2257 [
90 2220 290 2268 primorum
318 2218 556 2258 diaconorum
585 2233 649 2273 per
672 2232 842 2260 manuum
862 2221 1155 2269 impositionem,
1188 2213 1237 2253 de
1262 2210 1337 2266 qui

90 2275 177 2321 Ao.
194 2278 234 2320 6.
