1462 2540
363 54 540 89 numu
566 55 800 88 ntosrrm.
815 43 911 98 Cup.
930 45 1016 88 111.
1227 57 1315 101 ²77

121 113 229 156 Solet
240 126 324 156 cum
341 107 524 162 frumunto
541 115 640 153 nasci
657 113 792 156 lotium.

125 178 369 221 Munatius
378 188 524 227 semper
537 175 742 217 habuerunt
760 178 1016 230 praedioetores
1026 180 1201 219 veritatis.
1295 210 1300 215 ,

125 239 227 291 Quid
245 237 381 292 Moyse
393 239 431 278 in
450 240 583 290 pietate
600 239 794 280 illustrius?
811 247 850 280 et
863 247 984 279 tamen
998 239 1055 280 ine
1070 239 1198 282 habuit
1209 244 1318 282 vinos

73 303 366 353 praestigiatores,
398 301 459 350 qui
496 301 637 339 veritati
666 304 789 351 aperte
833 301 1095 352 repugnabant.
1125 298 1311 342 Theodo-

73 370 184 405 retus.

126 416 274 462 Jaanes
291 429 328 460 ee
347 422 561 467 mambres,
585 421 657 462 duo
675 424 848 474 praecipui
867 436 1054 474 magorum
1084 419 1288 462 Pharaonis
1300 451 1322 471 ,

74 485 187 535 quiin
205 480 361 529 Exodo,
386 495 463 534 cap.
488 495 525 534 7,
547 476 593 522 Ῠ.
620 498 685 532 11,
704 491 893 524 narrantur
913 485 1084 524 restitisse
1103 482 1258 536 Moysi,
1278 490 1323 525 et

75 557 159 583 cum
176 556 223 583 eo
240 543 395 584 certasse
414 544 452 582 in
467 546 647 594 portentis
663 544 830 585 edendis.

131 603 183 645 D.
201 603 333 645 Paulus
350 619 476 645 eorum
493 608 641 645 nomina
657 607 783 646 didicit
809 607 869 647 vet
886 620 934 647 ex
963 607 1178 655 traditione,
1196 606 1326 647 velex
1356 630 1363 636 ·

75 665 320 711 revelatione;
339 665 463 704 nuilibi
481 668 630 706 enimin
645 664 829 719 Scriptura
841 670 1087 708 nominantur.

136 725 318 765 Homines
335 732 454 763 mente
474 730 655 774 corrupti,
676 727 713 765 id
729 734 808 774 est,
837 729 896 780 qui
917 729 1051 767 mentis
1065 727 1237 778 judicium
1255 730 1329 768 vi-

79 786 179 824 tiosis
195 782 383 823 affectibus
402 791 608 836 corruptum
627 785 776 826 habent.

135 841 239 883 Hine
255 846 347 883 circa
363 843 475 882 fidem
490 851 623 885 errant.

134 901 198 943 Ex
214 906 350 954 primo,
378 905 576 944 secundum
603 921 613 943 :
635 921 685 946 ex
702 907 821 947 cordis
840 910 1074 960 corruptione
1088 939 1101 959 ,
1120 909 1207 948 fidei
1223 923 1328 950 nau·-

82 966 246 1020 fragium.

139 1028 249 1070 Mens
266 1032 469 1081 incorrupta
492 1029 605 1070 fidem
616 1028 795 1078 admittit,
816 1039 981 1085 corrupta
997 1038 1087 1072 vero
1107 1038 1260 1086 respuit,
1277 1038 1331 1080 att

84 1090 398 1145 Theophytaetus.

141 1147 187 1194 Ῡ.
200 1168 239 1206 9.
254 1150 331 1191 Sed
342 1155 440 1190 ultr&
451 1168 523 1191 non
537 1152 774 1203 proficient...
792 1151 858 1193 Gr.
871 1168 944 1194 non
958 1156 1144 1207 proficient
1161 1157 1335 1210 amplius,

86 1214 127 1255 id
146 1221 227 1263 est,
245 1227 323 1253 non
349 1213 411 1253 diu
430 1214 619 1265 proficient
635 1216 674 1254 in
691 1215 902 1255 seductione
926 1215 1119 1257 hominum
1131 1250 1143 1269 ,
1165 1234 1229 1259 seu
1250 1234 1334 1260 non

88 1275 220 1315 multos
243 1275 428 1326 decipient
448 1275 610 1326 amplius.
1217 1276 1223 1284 ’

145 1332 243 1384 Quia
259 1335 364 1374 brevi
379 1333 518 1373 illorum
533 1335 736 1386 insipientia
754 1341 789 1374 et
806 1337 1008 1387 impostura
1022 1337 1224 1389 detegetur,
1239 1347 1275 1381 et
1292 1343 1338 1381 in

93 1394 343 1434 confusionem
361 1394 595 1442 adducentur,
614 1396 705 1434 sicut
722 1396 849 1436 accidit
868 1394 979 1436 Janni
996 1406 1031 1438 et
1049 1397 1240 1441 Mambrae.

147 1453 348 1506 lmpostura
363 1456 407 1494 ad
425 1462 568 1505 tempus
582 1455 704 1499 duran
724 1459 856 1496 veritas
866 1465 988 1498 autem
1002 1461 1039 1498 in
1057 1467 1232 1501 aeternum
1248 1468 1338 1502 stat.

153 1513 208 1564 35.
230 1529 291 1553 ιο.
318 1514 370 1551 Tu
385 1521 509 1552 autem
523 1522 712 1553 assecutus
730 1531 808 1557 es...
825 1517 1078 1559 haereticorum
1094 1524 1274 1562 erroribus
1295 1528 1338 1563 et

94 1576 215 1627 pravis
232 1576 393 1614 moribus
422 1589 523 1614 suam
540 1579 690 1627 opponit
710 1577 914 1617 doctrinam
934 1588 968 1619 et
997 1584 1105 1621 vitam
1120 1612 1131 1631 ‚
1165 1597 1254 1635 quas
1268 1597 1340 1624 se·-

95 1643 222 1692 quatur
243 1634 483 1683 Timotheus;
504 1639 607 1687 quasi
630 1637 764 1678 diceret
784 1654 792 1676 :

150 1696 261 1754 Tales
281 1699 427 1750 quidem
443 1707 525 1738 sunt
544 1699 612 1747 itti,
630 1713 700 1739 nos
716 1705 823 1749 vero,
840 1708 878 1741 ut
896 1702 1000 1755 plane
1020 1708 1137 1754 nosti,
1159 1706 1245 1746 tales
1258 1720 1341 1747 non

97 1773 220 1799 sumus
241 1775 251 1797 ι
271 1761 367 1811 apud
385 1775 446 1801 me
472 1775 550 1801 non
579 1761 674 1801 suisti
698 1767 859 1814 tanturn,
884 1766 950 1805 sed
978 1773 1013 1806 et
1032 1767 1142 1820 longo
1172 1776 1342 1822 tempore

100 1821 341 1872 permansisti.

154 1879 256 1921 Hinc
270 1890 457 1922 assecutus
473 1898 510 1922 es
527 1898 650 1923 meam
671 1885 878 1925 doctrinam
889 1915 903 1933 ,
923 1901 987 1927 seu
1010 1879 1116 1939 duam
1137 1890 1310 1940 praedico.

154 1939 431 1988 Imitationem
443 1972 457 1990 ,
489 1958 608 1984 meam
643 1947 793 1986 vivendi
817 1950 994 1988 rationem
1009 1978 1020 1998 ,
1058 1962 1180 1990 mores
1208 1965 1342 2000 meos;

100 2005 177 2053 puri
191 2012 294 2053 sunt,
312 2008 392 2045 sine
409 2006 506 2045 lucro
518 2035 530 2054 ,
550 2008 630 2046 sine
646 2007 805 2048 avaritia.

157 2062 416 2116 Ρωροείωω,
441 2067 480 2106 id
499 2075 574 2114 est,
595 2083 747 2120 scopum
764 2076 800 2109 et
825 2069 938 2109 finem
954 2085 1063 2122 quem
1080 2071 1168 2112 mihi
1186 2075 1223 2113 in
1239 2087 1344 2126 prae-

106 2121 287 2163 dimtione
305 2132 340 2164 et
357 2127 397 2164 iu
414 2127 584 2167 omnibus
601 2132 693 2170 meis
709 2143 900 2182 propono,
920 2132 1054 2172 scilicet
1065 2162 1076 2181 ,
1098 2133 1250 2185 gloriam
1265 2134 1344 2176 Dei

104 2191 142 2224 et
160 2184 310 2225 salutem
329 2190 497 2237 proximi.

157 2245 312 2294 Fidem,
334 2246 373 2286 id
392 2254 446 2287 est
457 2276 471 2298 ,
490 2249 731 2291 sinceritatem
747 2257 782 2291 et
798 2254 1037 2306 constantiam
1051 2254 1136 2295 fidei
1153 2270 1265 2298 mea.
