1448 2540
24 0 59 16 :⁷1

0 0 28 75 μ’
85 36 92 43 .

0 85 15 122 ἓ

302 38 312 46 x
375 20 553 92 nium:
575 61 806 92 exponi-110.
829 49 909 102 Cap
940 46 1033 91 III.
1252 46 1337 90 135

134 125 226 166 Non
243 135 494 178 percus-somn
513 135 527 160 .-
546 121 719 162 violentia
745 121 1083 172 vinolentiaersaepe
1109 126 1166 160 est
1195 122 1332 161 vicina.

137 187 240 229 Hinc
267 186 439 226 decenter
459 190 540 236 post
568 185 694 224 vinum
725 184 854 224 manus
884 183 1077 239 petulantia
1102 182 1335 236 prohibetur.

136 246 187 289 D·
203 244 398 300 Chrysost.
411 258 520 297 quem
534 242 734 297 sequuntur
747 242 1054 296 Theophylactus
1072 251 1109 284 et
1123 241 1174 284 D.
1188 241 1333 284 Ansel-

83 323 170 352 xnus
188 325 199 348 ι
215 307 361 348 fratrum
382 308 639 347 conscientiam
659 320 735 347 non
754 304 856 346 feriat
878 307 1058 356 improbe.

137 368 216 410 Sed
235 370 452 409 modestum.
477 366 560 421 Syr.
589 374 842 417 mansuetum,
879 367 917 408 id
943 375 1022 417 est,
1053 366 1120 408 sed
1152 367 1339 408 humanus

84 436 147 482 sit,
165 435 262 473 mitis
281 439 316 472 et
345 431 563 471 moderatus.

140 495 229 534 Non
261 494 473 544 litigiosum.
504 491 570 534 Gr.
605 506 681 532 non
716 499 940 545 pugnantem
960 521 970 539 ‚
1001 506 1066 532 seu
1092 495 1270 540 rixarum
1299 500 1339 534 et

84 559 198 600 litium
214 562 258 599 sit
275 559 460 599 abstinens
472 589 485 606 ‚
505 559 642 610 absque
656 558 771 610 iurgio
786 565 822 597 et
845 557 1008 597 dissidio.

140 620 427 672 Non-cupidum
442 649 454 666 ,
487 621 621 660 scilicet
637 648 649 666 ,
678 619 854 660 habendi.
878 616 946 660 Gr.
965 633 1041 660 non
1075 620 1246 672 cupidum
1267 634 1337 660 ar·

91 676 205 735 genti.
231 680 319 736 Syr.
343 697 419 722 non
447 684 492 722 sit
514 688 653 722 amator
679 684 844 734 argenti,
867 681 906 721 id
933 689 1010 729 est,
1049 684 1095 721 sit
1116 682 1254 723 alienus
1290 684 1342 723 ab

86 747 248 788 avaritia.

146 805 194 847 D.
211 804 498 858 chrysostomus
515 808 644 858 quaerit
662 821 724 847 cur
741 805 940 859 Apostolus
958 807 1004 847 de
1028 809 1202 861 episcopo
1222 807 1345 848 disse-

89 882 188 910 rens,
204 868 337 908 dixerit
357 883 366 906 ε
384 865 541 920 Oportet
562 868 657 908 illum
677 883 752 908 non
773 870 958 908 ebriosum
980 882 1078 919 esse,
1096 884 1169 908 non
1191 883 1340 922 percus-

91 943 235 975 sorem,
256 936 348 973 etc..
374 933 455 968 cum
471 929 577 980 longe
595 931 853 970 excellentiora
881 944 947 983 pro
964 931 1177 971 celsitudine
1197 932 1337 983 gradus

92 993 240 1042 exigere
258 989 428 1029 debuisse
444 989 620 1030 videatur.

149 1048 224 1090 Cur
238 1064 313 1088 non
327 1050 417 1088 dixit
438 1064 447 1086 ε
464 1047 622 1101 Oportet
639 1051 851 1101 episcopum
873 1050 1039 1101 angelum
1057 1065 1138 1091 esse
1149 1081 1160 1102 ‚
1176 1053 1263 1094 nulli
1276 1053 1346 1094 hu·

94 1123 214 1151 manae
230 1110 513 1162 perturbationi,
532 1115 592 1147 aut
610 1111 698 1147 vitio
715 1110 891 1157 sujectum
909 1140 921 1156 .,
948 1116 1018 1150 etc.

150 1169 224 1210 Cur
238 1171 284 1210 ab
304 1173 475 1222 episcopo
494 1169 620 1209 saltem
641 1184 713 1208 non
739 1173 893 1220 requirat
916 1186 957 1211 ea
978 1186 1061 1224 quae
1084 1175 1194 1214 etiam
1210 1176 1351 1215 subdi-

96 1234 142 1272 tis
158 1234 359 1272 necessaria
375 1244 457 1270 esse
476 1230 619 1273 docuitz
638 1231 790 1279 scilicet,
810 1231 1042 1271 circumferre
1060 1247 1206 1274 crucem
1223 1249 1350 1286 suam,

93 1298 200 1345 atque
219 1294 256 1331 in
271 1291 437 1333 manibus
453 1290 589 1330 habere
607 1293 765 1332 animam
786 1305 851 1344 pro
864 1291 1030 1332 tratribus
1046 1306 1195 1347 semper
1211 1309 1347 1349 expo-

97 1353 283 1394 nendam?

151 1420 379 1462 Moderatam
393 1451 404 1469 ,
422 1423 559 1474 inquit,
579 1423 750 1461 virtutem
773 1425 960 1474 proposuit
977 1426 1014 1464 in
1034 1426 1211 1477 episcopo
1228 1426 1352 1478 inqui·

99 1484 252 1522 rendam
266 1512 277 1530 ,
299 1497 372 1521 non
386 1497 590 1533 supremam
612 1490 718 1534 atque
739 1484 943 1531 voelestem.
972 1489 1058 1538 qnia
1074 1486 1153 1527 haec
1168 1491 1204 1527 in
1227 1492 1353 1540 paucis

41 1574 52 1585 .
98 1545 275 1596 reperitur
293 1559 301 1581 :
317 1545 498 1594 episcopis
517 1550 638 1582 autem
656 1544 816 1593 plurimis
845 1550 931 1584 tunc
949 1560 1042 1595 opus
1072 1546 1136 1586 fuit
1155 1565 1165 1594 ;
1190 1562 1238 1589 ne
1260 1564 1354 1602 ergo

101 1608 259 1659 perirent
284 1602 458 1644 Ecclesiae
475 1608 639 1656 negotia,
665 1608 772 1644 utitur
787 1606 1050 1646 moderatione.

157 1664 273 1706 Addit
291 1663 535 1719 'lheophylat
541 1673 622 1711 tus
644 1667 868 1706 moderatam
891 1670 1030 1706 tantum
1047 1671 1215 1709 virtutem
1237 1672 1356 1721 requi·

100 1726 177 1765 ritz
197 1732 231 1763 at
251 1728 377 1774 nunc(
398 1726 488 1776 proh
505 1726 627 1766 dolor!
649 1730 663 1774 )
695 1731 767 1780 quo
787 1728 992 1768 excidimus
1030 1733 1220 1783 episcopi,
1242 1739 1278 1771 ut
1303 1746 1357 1772 ne

101 1787 209 1826 umb
195 1799 267 1826 am
285 1787 434 1838 quidem
452 1787 543 1828 adeo
561 1788 756 1829 moderatae
781 1793 929 1830 virtutis
946 1793 983 1830 in
1001 1793 1109 1832 nobis
1126 1792 1356 1846 deprehendi

102 1848 226 1888 liceat!
248 1847 362 1889 Pane
393 1851 529 1897 nobis,
554 1849 729 1892 Domine.

157 1905 202 1951 Ῠ.
219 1912 254 1960 l,
275 1908 371 1951 Suoe
386 1910 517 1952 domui
536 1915 624 1953 hene
643 1918 897 1967 proepose'lum.

157 1971 240 2025 Syr.
260 1976 373 2026 probe
389 1977 593 2026 gubernans
612 1977 761 2018 domum
781 1993 898 2019 suam.

161 2031 307 2073 Domus
323 2035 514 2075 christiana
547 2044 598 2076 est
619 2051 726 2089 parva
746 2039 913 2088 quaedam
935 2036 1124 2082 Ecclesia:
1150 2042 1239 2080 sicut
1269 2035 1358 2079 Ec·—

70 2119 74 2122 «
111 2094 220 2133 clesia
248 2103 302 2135 est
330 2097 427 2137 velut
459 2112 588 2150 magna
617 2101 784 2153 qnaedam
805 2102 960 2144 domus.
981 2106 1029 2141 ait
1057 2102 1104 2143 D.
1127 2100 1283 2157 Chrysa
1307 2118 1359 2143 ex

108 2157 284 2205 regimine
301 2166 420 2196 autem
437 2172 558 2210 parvae
578 2160 715 2202 domus
731 2162 883 2202 insertur
898 2164 1073 2213 judicium
1091 2164 1138 2204 de
1155 2166 1360 2216 aptitudine

106 2215 154 2255 ad
173 2230 338 2268 magnam
354 2220 574 2269 regendam,
593 2223 727 2264 suimet
755 2222 973 2266 Ecclesiam.

161 2279 283 2318 F1l1os
305 2280 500 2321 habentem
517 2283 701 2325 subditos.
