1448 2540
0 0 26 174 ἶ
299 79 486 114 ‘maxx
515 81 754 112 εῃοειτιο.
783 69 880 123 Cap.
903 70 946 111 Ι.
1206 85 1224 111 ι
1235 87 1254 113 ι

14 138 21 167 ³⁵
51 145 129 187 Ubi
149 148 223 199 egit
238 146 287 195 de
300 147 475 187 ministris
487 175 498 194 ‚
512 145 652 199 angelis
675 145 817 186 scilicet
830 175 841 195 ‚
870 145 992 185 statim
1006 151 1046 185 et
1060 145 1108 185 de
1123 146 1260 186 instru-

39 219 127 252 ento
139 225 219 264 quo
232 211 281 251 ad
299 212 435 263 impios
449 210 655 263 puniendos
671 216 792 250 utetur
808 239 819 259 ‚
837 212 923 262 igne
936 211 1113 250 nimirilm
1129 218 1259 252 urente

18 273 107 314 ‘mul
125 280 162 314 et
177 273 323 314 lucente
337 304 349 324 ‚
367 280 404 313 et
425 273 511 313 ideo
527 279 674 325 aspectu
693 279 731 312 et
749 279 919 312 contactu
942 279 1152 326 torquente.

8 349 26 377 ῖς
43 337 198 376 :Danas
214 337 438 376 vindictam.

53 399 197 439 Daulis
213 397 367 439 refertur
390 397 437 438 ad
466 398 623 438 Domini
643 399 761 449 Jesu,
777 411 804 437 n
824 397 931 438 onad
947 399 1046 448 ignis
1059 411 1075 445 ,·
1090 403 1194 450 patet
1209 411 1259 438 ex

53 524 193 567 Sensus
209 533 265 567 est
283 540 293 564 ε
310 527 393 565 cilm
409 526 537 566 veniet
557 527 596 564 in
621 525 746 565 medio
763 527 858 577 ignis
877 523 1038 566 flammei
1050 555 1061 575 ‚
1084 525 1262 567 ultionem

36 595 156 629 cturus
174 590 224 630 de
235 591 277 629 iis
294 590 356 642 qui
373 586 495 628 Deum
510 601 587 627 non
603 595 811 635 noverunt,
830 595 865 628 et
880 588 927 628 de
939 589 984 628 iis
1000 590 1062 639 qni
1075 593 1262 628 noverunt

52 650 150 690 ’dem
164 679 176 698 ‚
195 651 262 690 sed
278 651 357 700 ejus
373 647 576 701 Evangelio
592 664 669 690 non
682 650 882 697 obediunt3
903 651 942 691 id
957 657 1011 690 est
1024 681 1034 697 ,
1053 657 1090 691 et
1105 650 1154 692 de
1169 651 1262 690 infi-

62 713 141 752 'hus
158 714 291 763 quibus
308 712 368 752 vel
382 712 619 764 praedicatum
639 727 716 752 non
733 712 799 758 fuit
818 711 1061 766 Evangelium
1072 744 1082 762 ‚
1098 713 1160 753 vel
1173 713 1262 753 illud

15 821 18 823 Α
53 780 309 825 nreceperunt
327 788 336 812 :
353 779 389 813 et
414 774 462 813 de
489 774 662 814 fidelibus
689 774 755 813 illis
783 777 842 828 qui
865 781 1083 827 receperunt
1111 774 1263 826 quidem

37 836 265 888 angelium,
294 836 362 876 sed
382 836 586 876 secundnm
609 836 695 877 iuud
713 838 826 877 vitam
849 851 951 877 suam
980 851 1058 877 non
1086 838 1263 877 institue·-

22 907 88 941 unt
104 931 115 949 ‚
132 903 207 941 imb
230 901 332 941 factis
347 901 460 942 fidem
477 900 669 954 negarunt.

54 962 145 1004 Duo
161 966 284 1014 itaque
298 965 345 1003 ad
360 965 511 1005 salutem
526 967 728 1007 necessaria
742 995 755 1016 ‚
775 967 914 1008 scilicet
926 997 938 1016 ‚
958 964 1167 1019 Evangelio
1182 979 1266 1007 cre-

69 1037 90 1064 e
104 1054 117 1075 ‚
151 1031 188 1064 et
220 1021 423 1076 Evangelio
453 1026 631 1072 obedire;
665 1034 703 1067 et
735 1041 812 1067 non
838 1030 984 1077 minsis»,
1018 1030 1094 1069 imb
1121 1030 1266 1080 gravins

90 1090 212 1129 ientur
245 1086 450 1141 Evangelio
487 1091 744 1131 inobedientes
758 1120 769 1139 ‚
806 1095 917 1143 quam
949 1090 1155 1145 Evangelio
1185 1107 1267 1135 non

65 1150 196 1190 denies
214 1165 225 1189 t
241 1165 362 1189 ser-ons
378 1180 390 1201 ,
408 1153 473 1204 qui
479 1197 481 1199 ‚
502 1153 574 1190 scit
588 1153 818 1192 voluntatem
838 1155 998 1193 Domim’
1006 1162 1044 1194 et
1055 1153 1265 1206 musaeu,

107 1214 206 1252 labie
224 1215 367 1253 mullis.

56 1273 105 1324 ᾖ.
124 1292 163 1332 9.
190 1276 269 1329 Qui
275 1291 410 1328 poenas
428 1278 576 1317 dabunt
589 1280 627 1318 in
645 1280 796 1319 interitu
815 1288 993 1320 ceter-nas.

57 1334 129 1377 Gr.
149 1335 224 1388 Qui
237 1351 385 1390 poenam
407 1338 507 1378 luent
522 1369 533 1387 ‚
548 1341 737 1380 interitum
754 1347 952 1382 aetemum.

23 1394 197 1439 *Sensus
215 1406 296 1439 est:
318 1413 448 1451 poenas
469 1400 570 1441 luent
589 1403 718 1441 mortis
737 1408 907 1443 aeternae:
938 1404 987 1442 ita
1006 1403 1131 1442 miseri
1157 1406 1264 1442 erunt

65 1462 96 1499 si
117 1474 263 1512 semper
282 1463 472 1500 interirent
489 1477 497 1507 ;
521 1475 585 1501 seu
602 1490 613 1510 ‚
644 1463 810 1509 interitfis
837 1471 874 1504 et
895 1465 1040 1515 agoniae
1062 1462 1208 1503 dolores
1223 1463 1263 1502 in

45 1526 188 1560 ternum
205 1523 379 1561 sentient.

60 1581 216 1636 Proprie
234 1586 435 1625 interibunt
447 1589 661 1638 nunquam}
680 1601 745 1628 seu
757 1617 768 1637 ‚
788 1602 870 1629 esse
885 1603 963 1630 non
978 1589 1174 1640 desinent,
1193 1588 1262 1630 sed

65 1645 175 1685 erinis
198 1660 325 1699 poenas
349 1660 495 1699 semper
516 1648 640 1695 luent,
661 1655 696 1688 et
714 1651 751 1689 in
771 1657 961 1690 aeternum.

73 1709 113 1748 A
125 1708 231 1756 fircie
247 1711 426 1758 Domini,
447 1711 483 1750 id
500 1716 574 1760 est,
604 1712 650 1751 ab
670 1726 733 1753 ore
753 1720 791 1754 et
807 1713 991 1754 sententia
1013 1711 1150 1755 Christi
1173 1711 1265 1755 Do-

51 1771 61 1781 ·
161 1769 261 1811 Vide
279 1772 538 1824 paraphrasim.

38 1860 45 1865 „
64 1830 136 1873 Vel
148 1863 160 1882 ‚
178 1832 276 1873 hanc
293 1848 442 1887 poenam
461 1838 638 1889 recipient
655 1839 694 1877 in
720 1837 855 1887 judicio
872 1840 920 1878 ab
945 1841 1027 1892 ipso
1047 1846 1086 1880 et
1102 1840 1182 1880 solo
1200 1852 1265 1879 as·-

62 1902 123 1937 ciu
137 1896 304 1939 Domini.

62 1956 187 1999 Tanta
201 1962 270 2000 erit
286 1961 363 2010 ejus
379 1963 546 2012 majestas
563 1970 600 2002 et
614 1963 724 2015 gioria
738 1993 748 2009 ,
770 1970 867 2004 tanta
883 1966 998 2006 virtus
1016 1971 1052 2006 et
1071 1968 1233 2019 potentia
1247 1993 1262 2014 ‚

56 2035 102 2061 eo
122 2023 288 2063 terribilis
308 2030 453 2077 aspectu
472 2026 642 2066 omnibus
662 2029 782 2080 impiis
799 2057 811 2078 ‚
837 2028 889 2067 ob
914 2030 1005 2069 iram
1028 2035 1066 2069 et
1094 2028 1266 2079 indigna·

27 2083 38 2093 ⁹
64 2097 150 2124 nem
162 2093 229 2135 ‚nt
247 2089 326 2136 ejus
347 2091 575 2139 praesentiam
594 2089 690 2131 serre
706 2104 783 2131 non
800 2092 984 2143 vaiemes‚
1003 2095 1131 2133 mortis
1149 2098 1264 2132 aeter-

0 2165 1 2180 :
38 2158 72 2184 ε
84 2158 211 2198 poenas
232 2156 269 2188 et
285 2152 454 2202 agoniam
473 2157 668 2203 aeternam‚
689 2167 738 2193 cx
758 2156 870 2206 ipsius
882 2156 963 2196 soio
977 2162 1126 2208 aspectu
1142 2154 1263 2194 luituri

48 2213 50 2215 ’
72 2213 97 2248 i.
