1462 2540
378 107 558 138 numu
584 107 817 138 xxposmo.
844 94 940 146 Cap.
966 91 1056 137 111.
1263 89 1344 148 367

151 165 255 219 Quid
272 169 403 208 mirum
416 197 430 219 ‚
447 169 480 208 si
493 169 531 207 in
542 169 695 208 nomine
710 165 830 208 Patris
842 197 856 219 ‚
874 173 911 208 et
921 163 1005 207 Filii
1018 156 1221 218 efSpiritfis
1231 166 1347 205 sancti

95 229 349 281 baptizamur?
799 261 811 272 ,

151 288 262 332 Pater
277 299 450 342 aeternus,
470 293 641 346 baptizati
655 298 757 344 pater
773 299 844 343 esu
856 294 1004 345 ejusque
1021 290 1137 332 (livini
1149 305 1232 332 esse
1240 292 1343 344 prin·

97 355 247 407 cipium.

151 412 266 454 Filius
281 414 426 454 divinus
440 415 483 455 fit
494 422 599 469 caput
614 418 807 470 baptizati,
826 418 864 456 in
881 422 1175 468 quennanquam
1190 416 1229 455 in
1242 416 1349 456 sufim

98 476 307 516 membrum
333 475 492 517 infundit
509 475 684 530 Spiritum
704 491 825 518 suum.

151 535 306 590 Spiritus
325 544 469 578 sanctus
490 539 531 578 fit
555 540 727 591 baptizati
752 540 851 591 quasi
871 539 1036 592 spiritus,
1067 552 1130 578 cot
1152 543 1189 577 et
1203 538 1347 586 anima,

97 600 172 639 vita
190 599 465 649 supernaturalis
483 607 519 640 et
536 600 671 640 divina.

152 657 208 711 Υ.
225 659 264 700 8.
285 661 427 700 Fidelis
441 676 561 701 sermo
577 669 633 700 est
648 692 660 712 ‚
680 669 715 700 cl
730 662 776 700 de
791 661 852 700 his
869 662 953 701 volo
971 668 1049 700 Ie...

153 721 262 762 Certa
277 731 360 763 sunt
379 729 417 763 et
436 725 634 764 indubitata
652 738 731 778 quae
755 724 852 774 dixi,
868 732 904 763 et
921 725 968 763 de
984 723 1045 762 lu's
1061 723 1146 762 volo
1163 728 1201 763 ut
1221 721 1350 763 stanes

98 788 180 822 tuos
195 782 404 822 confirmes.

152 840 226 882 Seu
241 871 254 891 ‚
282 851 344 890 ut,
368 838 474 895 nu'gis
493 842 709 884 Judaeorum
738 848 882 885 omissis
897 875 909 895 ,
931 845 996 886 has
1016 847 1186 885 veritates
1206 843 1256 883 de
1276 840 1352 883 Dei

97 908 138 944 in
156 918 224 945 nos
242 918 389 953 amore,
419 907 468 946 de
492 907 616 946 nostra
644 909 885 948 renovatione
911 915 948 947 et
967 907 1014 947 de
1032 906 1243 946 haereditate
1263 906 1352 944 vitae

101 973 250 1008 aeternae
262 997 271 1014 ‚
295 967 464 1008 fratribus,
484 969 661 1020 praedices
675 998 686 1018 ‚
706 975 741 1008 et
756 968 915 1009 affirmes
934 976 1105 1022 tanquam
1123 969 1353 1008 certissimas.

161 1029 214 1068 Ut
229 1037 412 1070 cu1·ent....
428 1029 465 1069 id
483 1034 540 1069 est
556 1058 567 1078 ‚
586 1036 626 1070 ut
650 1043 773 1069 earum
789 1043 994 1079 memoreS,
1018 1036 1146 1069 curent
1162 1029 1239 1069 aliis
1253 1041 1352 1082 prae-

100 1090 154 1129 ire
176 1095 213 1130 et
231 1097 399 1142 praestare
419 1092 457 1130 in
476 1090 583 1130 honis
605 1091 776 1142 operibus
789 1119 801 1141 ,
820 1104 885 1131 seu
929 1104 1006 1130 non
1022 1090 1101 1130 solo
1121 1091 1265 1140 verbo,
1282 1088 1351 1130 sed

101 1163 214 1202 opere
230 1157 267 1190 et
287 1151 459 1202 exempio
477 1151 693 1203 praecessere.

158 1208 284 1250 Sancti
299 1214 372 1251 sint
388 1214 483 1252 sicut
501 1219 537 1252 et
560 1210 664 1252 Deus
677 1241 688 1260 ,
712 1213 812 1261 cujus
826 1213 891 1251 filii
908 1219 991 1251 sunt
1012 1218 1049 1251 et
1062 1211 1247 1252 haeredes.

153 1269 275 1312 Sancti
294 1274 366 1312 sint
385 1274 476 1312 sicut
491 1271 604 1313 Filius
621 1274 721 1323 cujus
738 1275 904 1313 membra
923 1279 1021 1313 sunt.

156 1333 280 1377 Sancti
301 1339 374 1378 sint
394 1339 487 1378 sicut
504 1335 660 1391 Spiritus
678 1345 844 1388 sanctus,
864 1340 903 1378 in
920 1351 994 1390 quo
1014 1344 1098 1378 sunt
1114 1337 1352 1383 sanctificam

101 1402 244 1436 sanctus
259 1405 326 1438 est.

160 1460 260 1497 Hac
276 1466 363 1497 sunt
380 1459 477 1497 bona
496 1466 532 1498 et
552 1461 662 1498 utilia
679 1460 909 1502 hominibus.

161 1517 249 1558 Hoc
267 1522 365 1559 enim
380 1520 499 1569 soh‘xm
510 1550 521 1568 ‚
542 1521 678 1560 sciticet
692 1522 791 1571 bona
806 1535 916 1574 agere
930 1551 943 1572 ,
962 1524 1086 1561 sancte
1099 1521 1248 1568 vivere,
1268 1531 1354 1571 pro·

103 1581 180 1631 prie
192 1580 330 1620 bonum
346 1588 399 1621 est
415 1587 450 1621 et
468 1582 568 1622 utile.

158 1639 250 1682 Post
274 1650 429 1683 mortem
452 1643 527 1683 sola
557 1650 693 1684 restant
710 1650 820 1698 opera
849 1646 968 1695 bona,
993 1650 1030 1685 et
1059 1644 1255 1685 hominem
1284 1655 1355 1682 co-

104 1705 298 1753 mitantur,
319 1719 395 1744 non
410 1705 566 1755 divitiae,
581 1720 657 1746 non
677 1705 819 1755 honor,
842 1713 914 1748 etc.

159 1765 213 1818 Y.
233 1783 271 1822 9.
291 1770 434 1809 Stultus
450 1778 575 1810 aulem
596 1772 856 1822 quaestiones...

159 1826 292 1869 Inanes
310 1838 430 1870 autem
446 1838 485 1872 et
498 1832 643 1872 frivolas
662 1835 883 1885 quaestiones
901 1839 938 1873 et
958 1831 1188 1884 genealogias
1203 1830 1254 1870 de
1267 1832 1357 1882 qui-

106 1891 173 1929 bus
194 1891 282 1930 vide
302 1907 338 1931 ι.
355 1890 460 1933 Tim.
480 1909 513 1934 1.
531 1894 571 1943 4,
588 1902 622 1934 et
637 1894 756 1934 futiles
773 1893 1030 1935 Rabbinorum
1050 1906 1188 1945 pugnas
1203 1898 1239 1932 et
1253 1904 1354 1931 con-

104 1951 286 1991 tentiones
309 1953 400 1991 circa
427 1953 568 2006 legem,
600 1957 710 2006 rejice
737 1962 775 1995 et
804 1954 949 2001 devitu
980 1956 1063 2006 quia
1093 1966 1198 1993 vanae
1219 1958 1257 1993 et
1285 1954 1356 1992 in-

103 2013 223 2054 utiles.

160 2075 207 2123 Ϊ.
232 2099 293 2124 ιο.
314 2087 543 2127 Hareu'cum
563 2091 750 2130 hominem
766 2097 853 2142 post
871 2105 1015 2131 unam..

161 2144 391 2184 Hoereticum
408 2148 617 2198 hominem,
638 2147 807 2191 nondum
822 2152 888 2190 tibi
905 2156 960 2191 sat
973 2150 1224 2202 exploratum,
1238 2147 1356 2189 semel

106 2210 142 2243 et
161 2206 291 2245 iterum
309 2221 446 2259 mone,
464 2211 600 2251 instrue
613 2215 800 2266 ,corripe.
1304 2219 1308 2231 ³

162 2264 276 2316 Quod
301 2271 331 2308 si
358 2277 442 2323 post
460 2285 570 2312 unam
595 2278 633 2313 et
654 2273 800 2314 alteram
821 2273 1111 2321 admonitionem
1133 2271 1241 2312 suerit
1259 2283 1355 2323 per·-

108 2329 207 2368 tinax
223 2358 235 2378 ,
