1448 2540
366 61 550 100 ‘runnu
573 63 813 95 lzxrosmo.
843 48 938 105 Cap.
962 51 1049 94 111.
1261 65 1343 106 ιη

138 118 399 175 Temporel).
413 118 519 162 Pauti
536 123 766 174 episcopatus
784 136 861 163 non
887 129 960 164 tam
976 129 1053 164 erat
1068 121 1203 172 honor,
1222 124 1343 175 quam

83 185 216 236 ingens
233 182 352 230 labor,
375 188 412 222 et
429 184 620 235 proximus
636 184 683 223 ad
702 186 917 237 martyrium
940 183 1084 236 gradus.

140 243 194 289 Ut
213 246 316 286 enim
336 247 386 285 ait
409 242 456 284 D.
473 243 725 300 Hieronymus
742 275 755 296 ,
776 248 938 299 quisquis
956 245 1124 298 piebibus
1152 249 1336 298 praeerat¹

82 308 219 360 primos
240 307 286 346 ad
307 309 471 358 martyrii
499 314 679 349 tormenta
706 307 933 348 trahebatur:
948 315 1035 348 tunc
1054 321 1140 360 ergo
1158 306 1224 347 fuir
1249 307 1337 347 iau-

80 369 204 410 «labne
215 372 464 422 episcopatum
486 383 670 422 quaerere,
700 371 845 423 quando
875 385 940 423 per
970 370 1043 411 hoc
1074 383 1154 410 non
1179 370 1341 411 dubium

81 440 159 474 erat
179 433 227 472 ad
242 434 414 486 supplicia
432 435 600 476 braviora
622 437 827 489 pervenire.
843 433 892 474 D.
912 434 1180 489 Hieronymus.

84 531 88 534 Δ
136 492 248 535 Nunc
265 499 374 540 vero.
394 500 539 537 mutatis
554 500 802 551 temporibus,
823 505 859 538 et
876 512 932 538 res
948 505 1096 538 mutatae
1114 504 1197 538 sunt
1217 499 1333 549 :epi-

80 564 249 608 scopatus
268 559 395 610 ingens
413 565 467 598 est
483 558 617 605 honor.
639 574 771 611 magna
802 560 978 612 dignitas,
1012 562 1168 613 copiosis
1199 562 1337 612 stipata

80 619 319 670 proventibus
336 626 372 658 et
395 619 530 658 divitiis
547 634 557 663 τ,
573 619 660 659 hinc
678 620 768 660 illius
787 623 993 672 appetentia
1011 620 1224 673 pierumque
1250 618 1335 658 ho·—

77 680 178 717 noris
198 684 236 717 et
259 678 464 718 divitiarum
482 680 660 732 cupiditas
681 686 748 720 est.
765 677 979 732 Fugiendns
1001 683 1120 734 itaque
1132 711 1144 730 ‚
1159 693 1236 719 non
1256 693 1331 732 ap-

78 738 260 790 petendus
277 740 520 792 episcopatus.

133 798 196 840 Sic
211 807 335 840 tamen
352 801 543 853 fugiendus
556 830 567 850 ‚
587 808 627 852 ut
642 804 674 842 si
689 803 913 855 imponatur,
935 809 1022 842 tunc
1033 804 1215 843 exstincto
1228 802 1336 841 omni

79 862 286 913 cupiditatis
305 864 474 903 instinctu
487 894 497 911 ‚
517 865 724 904 consulatur
742 864 924 904 charitatis
938 868 1086 916 genius,
1108 879 1181 918 quo
1202 865 1336 904 saltem

79 924 201 964 cordis
230 928 442 978 martyrium
465 933 664 977 quaeratur‚
697 941 763 980 per
789 929 1068 974 sollicitudines.
1088 943 1153 982 per
1180 942 1271 981 opus
1293 933 1335 968 et

78 986 243 1027 laborem
262 1016 273 1033 ,
294 1001 359 1038 per
378 990 501 1028 omnia
526 990 725 1029 ministeria
742 992 873 1043 quibus
889 993 1087 1032 animarum
1113 993 1184 1032 sibi
1198 990 1335 1032 subdi-

78 1054 193 1088 tarum
209 1048 314 1088 saluti
334 1049 530 1099 allaboret,
554 1057 724 1103 totusque
743 1053 925 1091 incumbat
941 1054 1145 1104 episcopas.

495 1151 690 1188 QUAEs'rlo
722 1154 843 1183 MORA
849 1155 923 1184 HS·

133 1228 235 1278 Sed,
268 1232 434 1281 inquies,
457 1235 540 1269 cum
568 1247 617 1271 ex
643 1232 694 1271 D.
723 1232 839 1272 Paulo
870 1237 1098 1286 episcopatus
1123 1237 1170 1274 sit
1195 1236 1336 1273 bonum

75 1306 185 1344 opus,
210 1306 335 1332 nonne
370 1291 442 1332 hoc
470 1295 609 1333 bonum
639 1309 730 1346 opus
760 1296 854 1335 licite
886 1297 1081 1334 desiderari
1098 1297 1247 1348 potest?
1267 1310 1341 1337 seu

0 1366 9 1370 ·
77 1367 208 1394 nonne
224 1354 329 1404 hujus
346 1357 467 1405 operis
483 1357 571 1395 boni
593 1356 813 1395 desiderium
830 1358 968 1396 bonum
984 1358 1065 1397 est?

133 1414 362 1468 Respondeo
382 1432 463 1456 cum
482 1417 530 1457 D.
546 1417 696 1460 Thoma
710 1419 779 1458 tale
798 1414 1022 1460 desiderium
1037 1420 1154 1460 videri
1174 1421 1339 1459 maxim&

80 1483 420 1528 praesurnptnosum.
446 1475 598 1528 Propria
616 1478 733 1518 refero
752 1481 885 1520 verba:

134 1534 197 1575 lue
226 1537 323 1576 bene
356 1540 603 1590 episcopatum
639 1541 846 1580 desiderare
880 1549 1023 1593 posset,
1052 1543 1151 1589 cujus
1185 1541 1337 1582 facultas

78 1600 300 1650 episcopatui
318 1606 418 1638 esset
441 1604 710 1652 proportionata
725 1603 791 1642 :ad
810 1602 883 1642 hoc
899 1610 1019 1642 autern
1042 1603 1157 1643 nullus
1170 1610 1223 1643 est
1242 1603 1334 1642 ido-

78 1663 288 1711 neus;·quia
308 1661 472 1712 praeiatus
485 1691 498 1710 ‚
533 1664 734 1703 secundum
768 1665 919 1717 gradum
951 1671 986 1704 et
1013 1668 1334 1715 convenientiam,

78 1720 192 1760 debet
213 1736 342 1762 omnes
366 1723 452 1763 aiios
471 1726 654 1766 excedere
671 1729 773 1766 omni
796 1729 1081 1767 conversatione
1095 1734 1131 1766 et
1153 1734 1332 1767 contem-

79 1782 259 1834 platione‚
275 1785 322 1823 ita
339 1791 376 1823 ut
396 1787 432 1823 in
452 1795 624 1839 respectu
642 1790 697 1828 sui
711 1789 768 1828 atii
787 1792 856 1828 sint
870 1803 959 1841 grex
978 1806 987 1828 ι
1008 1796 1042 1829 et
1059 1789 1154 1830 hanc
1178 1790 1333 1830 idonei-

78 1850 191 1884 tatem
210 1845 256 1885 de
271 1859 311 1885 se
334 1859 556 1897 praesumere
576 1857 627 1889 est
651 1853 824 1890 maximae
842 1853 1032 1904 superbiae.

134 1906 211 1947 Aut
230 1923 316 1960 ergo
337 1913 474 1962 appetit
492 1914 774 1954 circumstantias
791 1944 803 1962 ‚
818 1922 855 1954 et
876 1922 960 1954 tunc
979 1917 1097 1954 nescit
1110 1914 1194 1968 quid
1208 1929 1334 1969 appe-

78 1975 154 2018 tat,
171 1973 254 2022 quia
272 1985 347 2012 non
363 1980 418 2012 est
440 1972 501 2013 hic
523 1977 750 2029 episcopatus
767 1994 776 2015 :
791 1977 850 2017 vel
870 1979 987 2028 ipsum
1001 1991 1093 2029 opus
1111 1982 1275 2030 appetit„
1290 1983 1331 2018 et

79 2027 152 2069 hoc
170 2038 224 2070 est
245 2034 449 2084 superium
469 2041 505 2074 et
524 2035 606 2075 ideo
626 2051 702 2077 non
731 2045 786 2078 est
809 2038 1062 2090 accipiendum
1084 2041 1155 2078 nisi
1177 2040 1332 2091 imposi-

80 2095 170 2128 tum.
186 2089 236 2130 D.
252 2090 419 2133 Thomas
433 2125 444 2143 ‚
465 2095 543 2136 hic.

137 2142 226 2190 Hoc
254 2153 352 2192 idem
378 2156 579 2196 distinctius
615 2164 653 2197 et
673 2157 784 2199 sosius
813 2160 922 2200 docet
954 2165 991 2199 et
1019 2160 1146 2211 probat
1171 2160 1336 2201 secunda

78 2213 253 2252 secundae
269 2222 396 2266 quaest.
419 2214 556 2257 185.a.
580 2232 614 2257 1.

134 2273 224 2315 Tria
243 2279 280 2316 in
313 2280 524 2331 episcopatu
556 2288 711 2332 possunt
745 2282 965 2323 considerari
986 2295 1124 2322 :unum
1153 2283 1253 2335 quod
1272 2289 1332 2326 at
