1448 2540
343 83 539 119 -m
566 83 803 114 nnosuios
819 67 929 125 cup.
948 70 1029 113 ila<
1237 90 1298 129 ³9⁷
1331 73 1341 87 ⁸

199 173 565 215 *omi‘n’rronts
586 182 845 213 nocmnrcffi
863 185 919 214 rr
936 177 1147 214 mounes.

111 266 232 315 Docet
250 282 338 320 ergo
353 265 553 319 Apostolus
574 267 673 318 qnod
687 273 773 307 ante
790 269 913 306 omnia
935 265 1042 307 Deus
1058 268 1104 307 sit
1120 266 1300 318 orandus,

57 338 96 372 et
114 330 260 383 quidem
275 324 445 370 omnibus
460 331 662 369 orationum
681 328 798 368 modis
808 358 818 375 ,
833 331 913 367 sive
925 329 969 366 ad
981 329 1179 369 avertenda
1188 330 1296 379 mala,

0 422 21 446 ,
54 394 135 432 sive
154 392 201 432 ad
216 391 415 431 obtinenda
433 391 551 439 bona,
569 392 650 430 sive
670 390 718 428 ad
747 391 876 440 gratias
901 391 1060 440 agendas
1087 403 1159 443 pro
1174 392 1302 443 impe-

55 457 155 494 tratis
169 453 303 503 :idque
319 466 433 492 omne
445 483 459 499 ,
475 460 553 493 tum
570 465 636 504 pro
655 452 786 498 nobis,
804 458 882 490 tum
901 465 966 504 pro
986 452 1074 491 aliis.

111 511 230 553 Porro
241 541 252 560 ‚
269 513 305 552 id
322 513 426 552 divus
442 510 729 565 Chrysostomus
742 541 752 557 ,
771 510 1076 564 Theophylactus
1088 542 1100 560 ‚
1118 509 1318 561 Theod9-·

55 582 155 616 retus
168 604 181 622 ,
202 572 439 622 Ambrosius,
456 575 562 615 divus
589 573 814 626 Augustinus
832 580 869 614 et
893 588 1045 619 ornnes,
1070 581 1147 614 tum
1167 578 1277 627 graeci
1291 605 1303 624 ‚

27 675 33 682 ,
56 643 134 677 tuin
157 637 255 676 latini
286 640 524 688 interpretes,
553 636 754 687 intelligunt
782 635 828 675 de
845 635 996 687 publicis
1013 633 1189 676 Ecclesiae
1203 650 1304 676 con-

56 699 251 750 ventibus,
270 700 331 737 ubi
348 699 557 738 sacerdotes
575 705 611 738 et
631 697 783 749 populus
799 698 907 739 simut
926 705 1042 738 orant.

113 757 232 798 Divus
246 756 469 810 Augustinus
481 789 494 807 ‚
509 761 615 810 epist.
626 761 697 813 59,
716 759 762 798 ad
776 756 918 800 Paulin.
931 787 943 807 ,
960 775 997 814 q.
1011 760 1053 809 5,
1069 759 1168 800 hunc
1182 759 1304 800 locum

61 818 170 859 refert
184 818 230 859 ad
253 819 430 871 liturgiam
450 822 590 868 missae,
613 822 762 872 ejusque
780 827 909 872 partes.

112 879 219 920 Idem
236 881 368 921 eodem
389 883 503 922 modo
523 882 678 934 explicat
698 882 804 922 divus
822 880 1003 922 Thomas,

115 940 229 992 Quod
251 946 429 994 precipue
449 946 487 982 in
508 944 597 983 divo
626 942 834 994 Augustino
866 944 1067 984 notandum
1085 972 1098 993 ‚
1119 945 1203 996 quia
1218 943 1305 983 inde

47 1004 232 1054 'probatur
248 1005 438 1054 antiquitas
455 1001 578 1043 Missae
597 1005 715 1055 quoad
731 1018 861 1044 omnes
877 1007 953 1053 ejus
972 1010 1103 1055 partes.

116 1063 193 1108 Pro
207 1065 379 1101 omnibus
401 1063 625 1111 hominibus,
659 1063 696 1107 id
722 1070 795 1110 est,
814 1077 881 1114 pro
901 1065 1081 1103 universis
1095 1069 1133 1103 et
1158 1062 1309 1115 singulis

60 1122 292 1172 hominihus,
314 1126 362 1163 ita
389 1131 428 1163 ut
448 1124 590 1163 nullum
627 1139 772 1175 prorsus
793 1127 839 1164 ab
859 1126 1022 1164 oratioue
1042 1123 1299 1173 excludamus,

61 1188 159 1239 quod
175 1195 260 1226 nota
277 1195 424 1239 propter
446 1191 633 1240 sequentia
644 1218 653 1235 ‚
677 1183 724 1230 fi.
738 1190 778 1238 4.

113 1247 291 1288 Sacerdos
308 1257 362 1288 est
385 1252 485 1302 quasi
517 1253 623 1290 totius
648 1252 747 1290 orbis
767 1256 889 1302 pater:
907 1250 1056 1300 dignum
1071 1251 1177 1300 igitur
1195 1254 1306 1288 estut

59 1312 226 1349 omnium
244 1324 365 1350 curam
383 1318 506 1363 gerat,
528 1313 770 1365 omnibusque
788 1311 975 1364 provideat
990 1341 1000 1358 ‚
1020 1314 1112 1351 sicut
1126 1317 1163 1350 et
1183 1309 1304 1361 Deus,

59 1369 162 1419 cujus
194 1368 394 1411 ministerio
428 1374 540 1411 servit
572 1379 610 1412 et
637 1376 719 1412 vice
743 1373 921 1424 fungitur,
937 1375 987 1411 ait
1011 1370 1063 1412 D.
1081 1368 1305 1423 chrysosto-

63 1445 161 1472 mus.

115 1492 340 1534 Christianus
357 1502 413 1534 αἱ
432 1493 502 1535 Dei
517 1496 631 1540 filius;
649 1493 843 1537 Christiani
861 1511 946 1547 ergo
969 1496 1144 1546 charitas,
1163 1497 1254 1535 sicut
1267 1500 1307 1533 et

59 1550 135 1592 Dei
154 1550 273 1592 Patris
293 1556 349 1592 sui
364 1583 377 1602 ‚
399 1556 617 1596 extendatur
637 1555 684 1594 ad
702 1570 834 1596 omnes
851 1561 919 1596 :sit
946 1556 1129 1608 perfectus
1156 1561 1253 1597 sicut
1269 1564 1307 1596 et
1340 1582 1356 1597 a

59 1614 177 1653 Pater
192 1617 362 1663 coelestis,
378 1624 449 1655 etc.

114 1672 178 1714 Ad
189 1689 320 1715 omnes
335 1679 486 1716 miseros
502 1707 514 1726 ‚
536 1677 573 1716 id
588 1684 664 1726 est,
687 1679 733 1717 ad
754 1693 884 1719 omnes
898 1679 1068 1718 homines
1086 1681 1192 1733 (quis
1203 1682 1306 1721 enim

58 1736 253 1776 hominum
271 1751 348 1777 non
362 1739 539 1787 miser?)‚
559 1739 604 1778 ad
621 1754 762 1788 ornnes,
782 1743 948 1792 inquam,
966 1744 1118 1780 miseros
1131 1742 1306 1781 extendi-

0 1827 2 1832 ,
61 1804 129 1844 tur,
148 1805 183 1837 et
201 1805 297 1849 patet
317 1798 387 1838 Dei
402 1802 585 1841 miseratio
600 1818 609 1841 ι
624 1802 670 1840 ad
687 1815 819 1841 omnes
836 1804 942 1852 igitur
958 1804 1130 1850 miseros,
1147 1816 1213 1842 seu
1230 1802 1303 1842 ho-

0 1884 2 1890 =
60 1862 199 1905 mines.
219 1862 435 1901 extendatur
453 1863 614 1903 fidelium
634 1868 766 1911 oratio;
785 1871 865 1904 oret
886 1862 1109 1904 Christianus
1126 1878 1192 1914 pro
1213 1878 1304 1904 om·-

58 1925 168 1964 nibus
181 1932 224 1964 et
237 1926 382 1978 singulis
396 1926 617 1968 hominibus.

115 1983 166 2025 Et
182 1985 263 2025 haec
280 1995 333 2026 est
347 1988 471 2039 regula
490 1991 728 2030 ecclesiastica
743 1993 764 2030 a
777 1991 954 2041 magistro
972 1987 1148 2030 Gentium
1174 1990 1303 2030 tradita

62 2047 136 2098 qua
154 2055 300 2088 utuntur
316 2051 524 2090 sacerdotes
541 2055 656 2092 nostri
672 2060 710 2093 ut
729 2053 935 2105 supplicent
954 2066 1022 2103 pro
1044 2053 1214 2092 omnibus
1225 2082 1239 2103 ‚
1252 2056 1302 2094 ait

59 2106 337 2150 Ambrosianus.
367 2117 375 2131 ⁴

115 2167 203 2209 Hac
222 2170 351 2211 eadem
366 2173 486 2224 regula
500 2181 617 2215 utatur
643 2175 792 2228 quilibet
823 2175 940 2216 fidelis
965 2190 975 2214 ε
992 2188 1092 2215 nunc
1109 2176 1299 2227 obsecret,

58 2245 159 2271 nunc
173 2238 291 2283 petat,
311 2246 406 2272 nunc
418 2239 547 2286 gratias
558 2245 652 2288 agat.

113 2292 255 2335 Rursus
273 2297 405 2336 iterum
421 2305 516 2349 oret,
532 2302 724 2352 statimque
739 2302 868 2352 gratias
885 2305 984 2351 agat,
1003 2298 1297 2394 moxsobsecret,

251 2361 294 2392 v.

540 2500 560 2516 Q
