1462 2540
392 121 563 153 rumex
597 122 827 152 mosi-tro.
856 111 951 162 Cap.
971 109 1039 152 ΙΙ.
1068 121 1072 123 ’
1225 105 1315 166 ’249

74 185 290 236 parciturum
316 183 402 235 pati.
421 179 471 222 D.
488 179 769 233 Hieronymus,
790 183 894 231 epist.
918 180 982 220 13.
997 180 1044 220 ad
1059 173 1317 221 Heliodorum.

131 241 339 283 Recordare
356 272 368 292 ,
389 239 619 287 Christiane,
649 241 755 280 miles
785 239 943 290 Christi,
982 241 1083 294 qubd
1107 255 1175 294 pro
1202 254 1317 292 regno

74 302 215 343 coelesti
223 308 259 341 et
265 308 402 342 aeterno
413 302 564 347 militas;
580 304 700 352 itaque
709 301 865 341 libenter
873 309 1011 367 patere,
1024 301 1164 342 fortiter
1171 301 1320 374 dimica,

46 418 49 420 q
72 365 207 415 ⁵vince
229 366 321 403 utin
341 372 516 410 aeternum
534 363 747 416 triumphes.

136 421 190 474 y.
213 423 253 463 5.
279 424 382 462 Nam
398 431 435 462 et
449 427 514 476 qui
526 431 647 463 cer-tat
661 428 699 462 in
713 438 756 472 a„
743 437 869 463 cone...

136 481 250 533 Quasi
265 483 419 524 diceret:
436 483 522 524 Non
542 485 794 524 tantummodo
807 483 1019 524 certandum
1031 483 1099 523 tibi
1115 488 1185 530 est,
1203 480 1270 521 sed
1285 485 1325 520 et

81 547 180 594 juxta
198 544 295 596 leges
314 549 334 584 a
352 544 496 585 Christo
509 576 519 594 ‚
540 546 631 586 duce
652 553 715 585 tuo
727 576 736 591 ,
760 550 986 598 praescriptas
1002 544 1226 585 certandum.

136 603 234 646 Sicut
253 609 349 646 enim
361 607 493 647 athleta
508 635 518 655 ‚
540 607 692 658 publia-is
706 610 742 646 in
761 608 1017 648 certaminibus
1032 619 1194 660 pugnans
1206 634 1217 653 ‚
1244 617 1325 643 non

82 675 286 712 coronatur,
309 670 378 707 nisi
405 669 605 707 secundum
624 670 721 719 leges
744 669 790 708 de
808 670 912 717 cibo,
934 675 1048 719 potu,
1072 663 1326 719 temperantis,

79 725 224 764 athletis
243 730 467 776 praescriptas
486 731 718 777 pugnaverit,
742 730 789 766 ait
807 725 1134 777 Theophylactu83

136 785 278 827 Sicnec
294 790 375 834 tibi,
391 802 621 840 quocumque
635 791 748 828 modo
769 791 926 836 certasse
941 789 1071 828 sulficit
1085 816 1096 835 ‚
1117 786 1183 826 sed
1193 797 1329 825 secun-

83 847 171 887 dnm
186 849 284 898 leges
301 853 322 887 a
342 846 489 888 Christo
510 850 608 889 datas
628 858 663 890 et
685 855 704 890 a
722 865 783 889 me
798 851 863 889 tibi
884 849 1020 888 dudum
1032 849 1246 900 propositas.

141 906 238 946 Sicut
258 922 343 960 ergo
361 909 407 948 illi
421 912 467 948 ab
481 913 650 950 omuibus
665 913 873 962 abstinent,
895 917 932 950 ut
947 911 1119 950 caducam
1127 914 1166 948 et
1180 918 1333 958 corrup-

87 969 227 1008 tibilem
249 983 418 1010 coronam
444 977 650 1022 reporten13

142 1027 197 1068 Ita
233 1036 267 1068 et
303 1036 341 1068 tu
360 1060 369 1077 ,
395 1031 418 1069 ὂ
452 1028 585 1069 Christi
614 1030 768 1078 athleta,
801 1037 838 1070 ut
861 1030 1168 1080 incorruptibilem
1195 1035 1231 1068 et
1254 1029 1332 1067 im-

87 1090 372 1130 marcescibilem
404 1105 578 1130 coronarn
615 1091 770 1137 habeas,
811 1093 857 1130 ab
886 1092 1055 1130 omnibus
1081 1091 1223 1129 abstine
1252 1102 1335 1140 quae

87 1152 274 1188 victoriam
288 1158 435 1198 possent
449 1153 648 1201 impedire3
667 1154 808 1190 sobrius
826 1154 890 1199 sis,
907 1153 1037 1203 gravis,
1054 1157 1192 1196 castus.
1210 1149 1335 1188 omnia

86 1223 238 1249 servans
257 1223 336 1261 quae
358 1213 579 1250 certantibus
593 1218 807 1261 congruunt.
961 1233 967 1236 -

143 1268 372 1310 Recordetnr
391 1271 604 1311 christianus
620 1272 751 1312 athleta
773 1269 909 1311 Christi
925 1270 1046 1322 legum
1065 1273 1085 1310 a
1102 1267 1251 1311 Christo
1266 1268 1336 1308 da·

91 1333 222 1366 rarum.
1096 1353 1099 1355 ,

150 1393 320 1442 Regnum
337 1393 508 1431 caelorum
527 1393 604 1430 vim
630 1393 788 1442 patitur,
810 1398 848 1430 et
874 1391 1028 1431 violenti
1054 1391 1207 1440 rapiunt
1232 1390 1341 1430 illud.

93 1452 227 1493 Matih.
250 1470 311 1494 ιι.
335 1469 398 1494 12.

156 1513 235 1563 Qui
270 1525 342 1551 non
376 1515 563 1551 renumiat
595 1513 764 1550 omnibus
792 1526 875 1563 quoe
904 1513 1085 1562 possidet,
1118 1525 1192 1550 non
1221 1517 1344 1561 potest

100 1588 202 1612 meus
221 1589 296 1612 esse
317 1575 528 1624 discipulus.
550 1572 627 1612 Luc
641 1602 651 1620 ‚
683 1573 741 1621 ll...
762 1575 828 1614 33.

155 1633 267 1674 Juxta
300 1635 365 1674 has
400 1636 496 1685 leges
533 1642 689 1686 pugnet,
726 1637 802 1674 vim
832 1636 900 1674 sibi
924 1633 1081 1673 inserens
1112 1638 1149 1672 et
1169 1627 1343 1671 omnibus

99 1698 323 1735 renuntians.

154 1752 200 1797 Ῠ.
213 1756 253 1796 6.
274 1758 519 1797 Laborantem
534 1758 780 1806 agricolam...

155 1813 353 1856 Mercedis
373 1821 559 1858 mentione
574 1818 818 1859 Timotheum
843 1822 977 1856 recreat
999 1823 1034 1857 et
1051 1816 1096 1855 ad
1121 1815 1288 1854 laborem
1303 1819 1344 1852 et

103 1885 287 1919 certamen
306 1882 451 1919 animat.

158 1937 274 1989 Quasi
294 1941 452 1980 diceret:
475 1939 620 1981 Merces
638 1943 704 1980 tibi
722 1953 795 1979 non
813 1938 941 1977 deerit.

154 1998 252 2039 Sicut
275 2004 373 2040 enim
394 2003 546 2053 agricola
562 2003 760 2042 laboriosus
780 2008 817 2040 et
837 2002 871 2039 in
903 1998 996 2038 terra
1024 1995 1222 2039 excolenda
1248 1997 1345 2036 assi-

105 2059 212 2106 duus,
227 2062 393 2102 taborum
404 2078 551 2104 suorum
562 2065 695 2104 fructus
713 2067 792 2117 ipse
810 2065 907 2114 prior
919 2063 1084 2113 percipit,
1094 2059 1236 2112 hacque
1246 2057 1349 2098 fruc-

107 2124 205 2158 tuum
225 2135 289 2172 spe
309 2124 355 2161 ad
373 2124 512 2164 labores
531 2125 698 2166 ferendos
719 2127 914 2169 excitatum

161 2178 221 2220 Sic
238 2189 275 2220 et
291 2190 325 2220 tu
341 2197 414 2222 non
429 2187 509 2224 sine
525 2185 638 2226 fructu
651 2189 796 2238 patieris
812 2190 851 2223 et
860 2182 1038 2221 laborabis
1052 2182 1090 2220 in
1107 2193 1192 2230 agro
1210 2176 1347 2218 Christi

108 2241 335 2288 excolendm
357 2243 423 2282 sed
440 2247 470 2283 si
489 2243 676 2297 diligenter
693 2243 1027 2290 illum-excolueris,
1047 2240 1202 2281 fructum
1220 2239 1350 2292 perci·

106 2304 184 2351 pies
201 2313 392 2345 aeternurn.
