1448 2540
371 89 544 120 ramex
565 88 795 118 Extosmo.
824 75 921 129 Cap.
950 75 986 117 1.
1249 72 1313 116 83·

98 151 223 194 Divus
233 154 355 206 itaque
372 148 507 192 Paulus
523 163 601 190 non
616 152 774 202 assignat
795 151 979 202 propriam
998 147 1063 188 hic
1082 159 1161 187 suae
1189 149 1304 198 justi-

42 215 221 256 ficationis
253 227 398 255 causam
415 242 427 263 ‚
462 212 531 253 sed
567 213 767 264 improprie
805 212 940 251 dictam
959 218 997 251 et
1030 207 1305 250 occasionalem

43 278 204 316 tantum.-
742 266 753 274 ⁸*

103 335 258 390 Proprie
276 337 374 376 dicta
389 349 494 376 causa
512 335 577 375 suit
595 333 669 376 Dei
683 333 930 375 misericordia
951 348 960 380 ;
981 331 1188 384 ignorantia
1209 333 1304 371 verb

48 402 283 442 occasionalis
296 408 335 441 et
357 401 525 453 quaedarn
542 400 809 452 impedimenta
828 412 1042 439 removens.

108 465 151 509 Ῡ.
176 464 237 513 14.
267 464 587 514 superabundavit
617 470 745 502 autem
770 465 937 513 gratia...
964 457 1304 511 superabundavit,

47 527 296 579 supercrevit,
315 520 654 578 supermultiplicata
674 530 730 564 est
749 525 785 562 in
803 536 864 563 me
882 524 992 575 gratia
1013 521 1107 570 Dei,
1131 526 1168 560 et
1185 522 1224 559 in
1239 531 1305 558 me

48 585 388 637 superabundarunt
408 584 561 626 effectus
582 586 716 637 gratiae,
741 583 833 623 fides
858 590 895 624 et
917 582 1063 622 dilectio
1081 581 1303 625 christiana3

50 649 150 699 quasi
169 647 331 687 diceret:

106 707 184 750 Sed
206 711 394 761 iniquitate
412 708 493 749 mea
518 709 628 762 longe
646 710 762 759 major
784 707 851 748 suit
870 706 945 760 Dei
974 709 1109 761 gratia,
1141 718 1223 759 quae
1243 718 1307 745 me

51 785 99 811 ex
117 769 302 811 incredulo
325 769 411 811 fecit
432 770 602 817 fidelem;
626 784 675 811 ex
699 768 806 809 hoste
834 769 1024 811 ardentem
1056 768 1143 809 fecit
1167 765 1307 806 Christi

51 842 89 875 et
118 833 406 875 Christianorum
430 835 639 875 dilectorem
654 850 664 881 3
687 847 735 874 ex
762 832 979 886 blasphemo
997 832 1086 873 fecit
1117 831 1307 885 praedica-

55 904 191 937 torem.

108 957 237 1011 Itaque
255 957 330 998 hoc
345 957 679 1009 superabundavit,
699 958 825 1009 gratiae
839 955 913 998 Dei
926 957 1206 1009 praecellentiam
1225 968 1304 1009 prae

54 1016 159 1058 Pauli
178 1017 309 1057 malitia
326 1018 525 1070 significan
543 1021 644 1070 quasi
665 1018 802 1057 diceret
820 1032 829 1055 :
845 1015 976 1068 Longe
998 1020 1113 1068 major
1139 1016 1206 1057 tuit
1232 1015 1313 1057 Det

52 1082 260 1134 benignitas
279 1083 388 1135 quam
405 1079 600 1132 indignitas
615 1094 711 1120 mea.

108 1141 296 1185 Audendo
308 1173 321 1194 ‚
341 1159 426 1183 cum
432 1143 522 1195 fide
539 1152 578 1183 et
606 1144 799 1183 dilectione
815 1173 827 1194 ‚
848 1142 1014 1193 designat
1041 1142 1196 1183 effectus
1214 1155 1311 1194 gra-

53 1209 115 1247 tiae
126 1236 138 1255 ‚
153 1220 219 1247 seu
234 1208 386 1246 virtutes
400 1205 536 1246 divinae
554 1207 676 1259 gratiae
693 1207 848 1246 comites
862 1233 875 1254 ‚
893 1204 1007 1244 fidem
1025 1211 1062 1244 et
1079 1203 1308 1246 charitatem.

109 1266 244 1310 Fidem
259 1270 412 1322 opponit
434 1271 543 1322 priori
562 1269 764 1308 infidelitati
785 1279 873 1314 suae;

111 1329 335 1373 charitatem
350 1345 416 1372 suo
435 1333 546 1384 priori
563 1333 602 1372 in
619 1329 806 1372 Christum
823 1336 860 1372 et
878 1328 1105 1371 Christianos
1128 1332 1190 1370 oio
1206 1329 1310 1383 quod

57 1399 248 1446 utrumque
265 1395 570 1446 persequebatur.

111 1452 215 1493 Pauli
233 1454 324 1493 fides
346 1456 386 1494 in
409 1452 619 1501 Christum,
638 1456 733 1499 ‚sicut
761 1460 799 1494 et
815 1457 892 1505 ejus
913 1455 952 1493 in
973 1450 1219 1502 Christianos,
1239 1466 1309 1494 seu

56 1517 259 1559 Ecclesiam
285 1518 436 1558 charitas
451 1548 462 1567 ‚
493 1521 559 1558 toti
580 1525 666 1559 nota
686 1525 742 1558 est
771 1520 876 1570 orbi,
900 1532 1009 1572 quem
1029 1530 1104 1570 prae
1131 1518 1308 1559 charitate

56 1581 347 1622 convertendum
364 1583 538 1632 suscepit.

111 1643 183 1684 Hae
201 1649 323 1683 autem
340 1646 490 1684 virtutes
508 1650 591 1683 sunt
607 1643 743 1684 divinae
756 1644 879 1696 graiiae
896 1642 1060 1683 effectus.

49 1725 52 1728 ⁴
109 1704 262 1758 Duplex
292 1709 413 1760 itaque
441 1706 506 1747 suit
530 1709 566 1747 in
600 1704 755 1747 Paulum
787 1706 1034 1747 misericordia
1051 1703 1136 1746 Dei.
1155 1702 1306 1756 Prima,

57 1766 155 1819 quod
168 1773 386 1818 peccantem
399 1781 474 1806 non
494 1769 650 1819 punivit.
667 1765 848 1816 Secunda,
870 1767 968 1821 quod
985 1774 1213 1819 peccatorem
1229 1767 1308 1816 jus-

54 1827 228 1877 tificavit,
256 1843 304 1868 ex
327 1829 514 1869 incredulo
534 1829 621 1870 fecit
639 1830 807 1880 fidelem,
829 1845 878 1871 ex
898 1830 1004 1871 hoste
1022 1829 1106 1870 fecit
1122 1832 1308 1877 amicum,

54 1903 102 1929 ex
122 1890 336 1942 blasphemo
353 1892 439 1932 fecit
459 1891 696 1944 Apostolum.

110 1951 272 2008 Utraque
300 1962 339 1995 et
371 1958 409 1995 in
435 1957 544 1997 nobis
567 1955 881 2008 superabundavit
906 1958 978 1997 Dei
1002 1958 1127 2007 gratia
1138 1969 1157 2001 ;
1185 1959 1307 1996 innu-

56 2016 167 2054 meris
192 2018 293 2056 enim
319 2016 449 2068 dignos
474 2018 660 2071 suppliciis
688 2033 763 2058 non
795 2021 959 2071 punivit,
990 2019 1057 2058 sed
1086 2020 1124 2058 in
1149 2018 1309 2058 filiorum

50 2074 289 2175 pdoptionem
321 2083 474 2130 repente
506 2094 574 2119 nos
614 2080 798 2129 traduxit,
830 2079 916 2121 secit
945 2082 1082 2120 amicos
1095 2110 1107 2131 ‚
1144 2079 1236 2119 filios
1267 2085 1310 2119 et.

4 2154 9 2159 ··
67 2137 235 2178 iaeredes.

7 2247 10 2249 ,
50 2259 76 2296 t·
103 2196 168 2239 Ob
188 2206 376 2253 utramque
403 2204 686 2246 misericordiam
705 2205 864 2245 infinitas
879 2204 1076 2245 reddamus
1095 2202 1186 2244 Deo
1205 2216 1296 2255 gra-

6 2289 10 2302 ³
67 2271 161 2370 ¹³3*-
187 2319 250 2361 15.
268 2320 408 2360 Fidelis
424 2335 589 2362 sermo...
