1448 2540
289 71 468 103 utrm
493 51 734 101 exrosmo.
763 31 867 113 Cajov
888 55 959 100 11.
1032 102 1036 103 ⁷
1195 57 1250 112 37

16 180 20 184 Α
39 130 123 186 Ex
138 133 253 175 tribus
268 120 358 177 lonis
381 113 481 172 male
493 129 708 179 intellectis,
724 129 885 178 scilicet,
906 112 1097 171 intellectis
1110 142 1255 170 secun-

12 203 20 209 *
30 215 60 235 ι
80 217 87 234 ι
113 195 234 238 Grotii
249 190 413 243 sensum,
433 207 510 232 non
524 192 728 234 secundum
745 189 899 232 Patrum
913 194 1152 242 sententiam,
1180 207 1255 233 au-

17 265 71 300 ·et
87 257 211 305 dioere
227 253 378 297 Grotius
390 254 490 308 quod
504 253 705 307 Apostolus
726 254 821 294 circa
836 253 963 304 judicii
969 261 1124 314 tempus
1150 269 1255 296 erra-

4 314 12 362 s
41 339 45 343 ·
75 321 84 331 “
127 325 166 360 et
182 331 346 358 errorem
361 316 541 357 docuerit.

11 434 18 438 Η
36 381 161 437 ,Ergo
179 380 315 423 Paulus
332 395 408 421 non
430 387 487 421 est
502 380 713 434 predicator
729 381 889 420 veritatis
903 410 916 432 ‚
937 380 1005 420 sed
1023 378 1200 422 salsitatis-

3 462 20 490 η
35 481 42 489 ,Α
58 441 162 497 Ergo
182 441 288 484 Pauli
304 442 492 496 epistolae,
509 441 638 482 saltem
660 439 729 481 hac
746 441 786 480 in
814 447 916 494 parte
930 470 942 492 ,
972 439 1071 480 falsae
1101 447 1185 482 sunt
1215 446 1255 482 et

66 521 185 549 oneae.

2 563 6 574 '
64 566 160 619 Quis
177 564 402 608 Christianus
424 565 496 605 hoc
511 576 589 604 non
617 563 777 604 horreat.

8 656 9 660 =
62 628 152 670 Hoc
176 637 298 669 tamen
315 629 437 669 dicere
462 642 539 668 non
570 632 719 667 veretur
746 624 919 677 Grotius,
954 631 992 666 et
1014 639 1061 666 ex
1087 623 1162 665 hoc
1186 638 1255 666 er-.

22 707 91 736 nire
106 693 180 732 duo
198 692 284 732 salsa
302 692 434 743 colligit
455 699 490 732 et
504 692 707 731 temeraria.

7 761 10 767 ’
32 752 226 814 -Tantum
244 756 342 795 enim
364 756 467 796 abest
485 761 523 794 ut
546 754 617 794 hoc
631 755 798 807 opinatus
815 755 861 793 sit
875 750 1025 803 Paulus,
1046 752 1157 805 idque
1177 751 1257 791 do-

20 841 30 851 ν
41 839 44 850 e
55 820 122 859 erit
139 818 238 871 quod
251 821 376 858 asserit
393 815 542 858 Grotius
556 846 568 865 ,
592 819 755 869 quinimo
769 846 781 866 ‚
803 818 887 869 quia
907 814 1259 873 Thessalonicenses

22 896 47 911 ιν.
76 879 142 917 tim
157 881 180 917 a
199 878 510 931 pseudoapostolis
524 878 689 929 decepti,
713 879 843 928 partim
858 880 880 916 a
896 869 1134 929 supposititiis
1153 874 1260 916 Pauli

51 940 135 978 teris
150 940 284 986 territi,
305 942 433 990 partim
458 942 566 979 etiarn
588 953 608 978 a
633 938 748 992 prima
777 938 940 989 ejusdem
959 935 1062 977 Pauli
1085 937 1261 990 epistola,

13 1052 15 1057 A
37 999 107 1039 'ale
127 998 332 1044 intellecta;
355 1002 462 1051 quia,
485 1002 653 1051 inquam,
678 1001 910 1039 turbabantur
926 1029 938 1050 ‚
960 1005 996 1040 et
1017 1001 1194 1039 timebant
1213 1013 1263 1040 ne

27 1080 43 1108 1·-
72 1067 160 1100 taret
176 1059 252 1098 dies
281 1058 459 1099 Domini:
488 1060 573 1100 ideo
600 1058 734 1099 Paulus
753 1062 838 1099 totis
858 1061 996 1100 viribus
1015 1061 1136 1101 studet
1161 1060 1262 1101 hunc

27 1168 29 1170 ,
67 1140 72 1157 ι
92 1142 95 1145 -
147 1122 400 1162 lonicensium
422 1128 598 1161 terrorem
625 1136 797 1162 amovere
812 1152 823 1172 ,
846 1137 983 1175 eosque
1005 1130 1109 1174 rogat
1129 1129 1166 1163 et
1184 1137 1262 1164 ve·-

28 1203 54 1217 w
73 1190 205 1224 uenter
221 1183 383 1224 hortatur
414 1190 451 1223 ut
471 1186 608 1224 nemini
626 1186 814 1235 cuiquam,
837 1186 916 1224 sive
939 1185 1129 1237 prophetae
1144 1215 1156 1235 ‚
1182 1188 1264 1228 sive

26 1244 99 1261 ““
90 1252 152 1290 tui
174 1250 342 1296 credant,
365 1250 499 1290 dicenti
518 1251 688 1303 quoniam
707 1251 825 1288 instat
843 1250 921 1289 dics
942 1250 1115 1291 Domini.

20 1339 55 1375 ψ
69 1310 110 1353 Si
133 1327 218 1366 ergo
247 1316 283 1353 in
306 1315 425 1366 propri
428 1329 448 1352 3
469 1312 626 1365 persona
651 1312 790 1353 locutus
811 1319 866 1353 est
887 1314 926 1353 in
949 1313 1064 1365 prIma
1090 1311 1154 1354 sua
1177 1316 1262 1367 epi-

2 1414 5 1421 ,
24 1341 128 1430 ὲσΙέ,
151 1376 213 1415 ubi
231 1375 278 1415 de
295 1376 555 1414 resurrectione
568 1404 579 1423 ‚
598 1376 698 1426 quasi
715 1388 782 1414 suo
803 1381 967 1426 tempore
986 1374 1103 1415 sutura
1121 1374 1258 1425 suisset,

0 1459 1 1463 =
30 1437 123 1488 ΙΙιὶιιεῑ
140 1440 193 1477 rei
210 1439 389 1476 rationem
414 1436 556 1476 reddidi
582 1438 620 1476 in
643 1436 906 1487 explicatione,
928 1435 984 1487 Υ.
1017 1438 1080 1478 ι5.
1103 1435 1194 1491 Cap.
1221 1438 1264 1488 4.

5 1537 9 1538 ⁷
33 1516 36 1520 -
57 1495 176 1545 ilicet,
206 1504 245 1534 ut
268 1497 416 1535 doceret
442 1495 569 1534 fideles
601 1495 700 1534 diem
721 1496 845 1545 judicii
875 1509 1023 1549 semper
1045 1503 1263 1548 praesentem

5 1562 25 1575 ”
65 1557 155 1596 bere
170 1586 183 1607 ‚
200 1564 237 1596 et
258 1557 305 1596 ad
319 1556 417 1596 illurn
436 1570 517 1596 sese
539 1559 709 1595 continue
724 1569 938 1608 praeparare.

6 1625 8 1628 ’
47 1659 49 1661 ,
69 1617 307 1660 *Temeritatis
327 1632 413 1670 ergo
427 1647 437 1666 ‚
457 1625 494 1658 et
519 1619 667 1670 quidem
689 1621 860 1659 maximae
873 1649 884 1669 ,
903 1632 981 1658 non
1004 1625 1125 1671 potest
1149 1635 1263 1662 excu-

8 1703 10 1706 ·
36 1682 87 1728 -1’
109 1678 272 1730 Grotius,
297 1681 334 1720 id
352 1694 517 1720 asserens
545 1688 668 1721 contra
699 1695 931 1721 communem
950 1688 1158 1722 sanctorum
1177 1680 1262 1722 Pa-

40 1739 46 1750 ⁵
61 1757 114 1783 m
130 1751 167 1783 et
181 1744 370 1783 doctorum
384 1745 602 1782 sententiam
616 1773 628 1792 ‚
647 1743 755 1795 idque
774 1746 854 1783 sine
871 1742 1124 1783 fundamento.

10 1815 13 1816 ’
34 1815 58 1856 23„
73 1803 150 1846 Sed
165 1812 340 1857 praeterea
357 1834 367 1853 ‚
396 1804 522 1844 salsum
543 1811 598 1844 est
615 1805 714 1857 quod
734 1802 824 1844 Caio
845 1802 1014 1857 Caligulae
1042 1807 1262 1847 conveniant

46 1887 58 1916 ,Α
117 1863 251 1907 Paulus
272 1866 379 1917 hujus
395 1867 518 1918 capitis
533 1867 721 1919 versibus,
743 1867 768 1907 3
789 1874 827 1907 et
848 1868 887 1916 4.
909 1866 1011 1907 dicit.

40 1929 51 1939 ²
74 1923 260 1977 Equidem
282 1926 388 1966 Caius
409 1927 547 1966 adorari
565 1926 678 1966 votuit'
696 1934 736 1967 ut
754 1925 880 1975 Deus;
902 1929 970 1968 sed
993 1941 1068 1968 non
1085 1927 1149 1968 fuit
1164 1929 1263 1968 ado-

0 1998 11 2042 ,’
30 2007 58 2045 ²„
74 1988 165 2027 usin
180 1987 316 2039 templo
335 1986 428 2033 Dei;
448 2000 517 2026 nec
534 1987 625 2026 illius
645 1995 760 2028 statua
775 1987 842 2029 fuit
858 1990 897 2028 in
918 2003 962 2029 eo
976 1988 1147 2030 collocata
1163 2009 1172 2039 ;
1191 2004 1262 2030 nec

11 2102 13 2104 Ι
46 2048 69 2083 ἶ»
86 2068 91 2072 ·
112 2049 262 2090 aliorum
283 2050 434 2090 deorum
447 2078 458 2099 ‚
483 2064 547 2090 seu
564 2050 744 2091 idolorum
759 2051 908 2091 abstulit
925 2051 1057 2091 cultum
1070 2082 1081 2102 ,
1104 2059 1143 2092 ut
1163 2052 1260 2092 solus

0 2115 1 2121 ’
43 2119 241 2153 *oraretur-

3 2181 5 2183 “
74 2171 166 2214 Νοιι
184 2175 304 2214 minus
324 2174 412 2214 falso
430 2173 579 2216 Grotius
596 2174 739 2217 Simoni
760 2174 870 2230 Mago
888 2176 1031 2231 adaptat
1058 2191 1144 2231 quae
1160 2176 1261 2217 Pau-

40 2202 182 2296 {hm
203 2231 249 2279 3⁵.
267 2237 316 2287 8,
339 2250 391 2290 9,
419 2253 493 2287 10,
513 2240 614 2280 dicit.
649 2284 661 2295 .

44 2292 165 2356 {Ex’
154 2312 234 2352 ipso
256 2301 356 2340 enim
378 2298 485 2351 hujus
512 2303 638 2352 mpitis
665 2307 795 2353 textu,
828 2307 865 2342 et
886 2315 934 2342 ex
960 2299 1037 2340 aliis
1056 2297 1251 2358 Scripturae

19 2455 23 2468 ,.
50 2369 74 2473 Ξ

56 2477 75 2512 ς
