1462 2540
369 76 546 114 *rt-tu
578 77 811 110 most-1⁸10.
837 66 932 120 Cap.
953 66 1010 110 11.
1227 63 1309 105 261

127 143 389 184 Pendrabffl'or
395 142 506 181 wmm'
514 140 641 191 gladio
657 140 838 188 ancipiti,
856 139 1032 192 perdngt'i
1046 150 1160 191 usque
1171 137 1228 177 ad
1238 136 1311 176 di-

70 206 241 244 visibitem
261 206 402 243 anima
420 194 469 240 uc
483 200 662 254 spiritus..
683 198 804 240 Hebr.
820 200 860 249 4.
891 214 953 240 12.

126 262 228 316 Ergo
239 276 315 302 nun
329 261 548 302 irridendus.

126 321 227 375 Ergo
244 317 382 363 sincere
402 321 591 363 colendus.

125 379 351 423 Invisibilem
368 396 456 434 ergo
467 389 636 434 tanquam
653 381 821 421 videntes
837 383 1097 420 sustineamus.

126 443 173 484 lu
190 447 267 495 ejus
280 446 391 484 oculis
409 448 496 484 vivo
515 447 660 498 :ipsum
676 447 799 497 itaque
815 446 986 484 continue
1010 444 1161 484 videbo.

131 505 311 543 Discedat
328 507 377 544 ab
394 507 600 557 iniquitate.

126 565 229 607 Nihil
241 567 384 618 prodest
392 574 542 607 externa
552 567 803 618 christianismi
823 564 1016 618 professi0‚
1029 566 1058 603 si
1071 563 1160 603 mala
1171 565 1215 603 sit
1224 565 1317 603 vita.

129 628 240 667 fides
260 629 338 666 sine
358 629 526 679 operibus
545 633 690 665 mortua
712 634 777 666 est.

130 685 291 734 Christi,
309 689 422 726 sancti
441 693 476 725 et
505 687 586 735 justi
602 679 620 734 ,”
634 699 707 724 non
729 692 783 725 est
806 687 865 737 qui
888 686 1038 735 injustus
1055 691 1091 724 et
1108 682 1222 722 malus
1245 690 1318 722 est.

130 746 329 788 Peccatum
358 762 444 798 ergo
474 754 511 787 et
536 750 742 798 injustitiam
767 760 917 786 omnem
946 746 1121 798 fugiamus
1138 777 1149 797 ,
1176 747 1319 785 bonum

73 818 267 852 sectemur.

132 869 202 910 Per
223 872 320 909 bona
341 884 451 921 opera
465 873 695 911 vocationem
712 875 871 909 nostram
892 875 928 909 et
940 869 1159 910 electionem
1179 878 1317 911 certam

77 930 260 969 faciamus.
278 927 327 969 D.
345 928 446 970 Petr.
466 931 623 970 secunda
639 933 743 982 epist.
761 947 799 970 2.

132 988 251 1031 Porro
274 993 512 1044 praecedentis
527 993 829 1042 interpretationis
845 994 985 1031 initium
1005 999 1041 1032 et
1055 995 1153 1044 quasi
1178 993 1320 1034 sunda-

79 1059 203 1090 menta
219 1055 335 1103 reperi
349 1055 386 1092 in
401 1052 448 1092 D.
463 1050 746 1105 Chrysostomo,
760 1059 796 1091 et
813 1052 907 1091 illam
920 1055 1089 1092 omnibus
1104 1054 1179 1093 aliis
1190 1045 1318 1106 expo-

79 1114 269 1153 sitionibus
286 1144 296 1162 ‚
319 1116 414 1153 serio
431 1118 449 1152 ὲ
468 1127 526 1152 me
545 1116 644 1152 consi
673 1115 776 1152 eratis
788 1143 798 1158 ,
815 1112 990 1164 praefero;
1010 1115 1092 1165 quia
1109 1113 1188 1153 haec
1208 1123 1320 1154 natu-

11 1174 19 1176 *
79 1174 184 1213 ralior
209 1180 290 1220 est,
322 1181 461 1214 textum
490 1173 676 1213 litteralem
705 1174 832 1213 clarius
863 1174 1038 1223 explicat,
1075 1181 1111 1213 et
1146 1172 1322 1228 Apostoli

28 1274 38 1279 ,
80 1244 242 1276 mentem
257 1239 310 1276 sic
328 1240 498 1288 exponit,
520 1245 558 1276 ut
583 1239 703 1275 omnia
719 1237 785 1275 sibi
808 1239 966 1276 invicem
988 1237 1206 1277 cohaereant.

134 1293 222 1335 Non
238 1297 285 1334 ita
299 1295 389 1335 mihi
407 1298 523 1335 visum
539 1303 593 1336 est
611 1296 658 1336 de
674 1296 749 1335 aliis
765 1299 1131 1349 interpretationibus.

135 1351 235 1392 Tum
250 1357 331 1406 quia
346 1355 392 1394 ad
410 1353 481 1395 Dei
500 1357 643 1395 decreta
660 1363 885 1395 recurrentes
898 1385 909 1404 ‚
930 1357 1109 1410 explicant
1125 1359 1320 1400 obscurum

84 1429 148 1467 per
164 1417 348 1455 obscurius
362 1430 375 1461 ·‚

137 1475 235 1516 Tum
256 1479 358 1526 quia,
380 1482 503 1514 contra
522 1473 572 1515 D.
592 1473 694 1516 Pauli
719 1482 881 1517 mentem
899 1485 936 1517 et
954 1480 1087 1526 verba,
1107 1481 1219 1532 quiin
1235 1482 1319 1532 ipso

84 1535 343 1583 fundamento,
370 1550 434 1576 seu
456 1535 781 1577 fundamentalibus
798 1539 996 1589 lapidibus,
1019 1553 1067 1578 ex
1093 1554 1218 1590 more,
1234 1544 1321 1593 sig-

86 1597 208 1636 nacula
227 1599 367 1648 reponit
387 1613 396 1637 ε
412 1599 480 1648 ipsi
499 1601 520 1636 ὲ
538 1604 679 1647 contra,
712 1601 749 1637 in
778 1599 988 1651 fundatore,
1005 1615 1068 1640 seu
1087 1600 1168 1642 Deo
1180 1632 1191 1652 ‚
1207 1604 1322 1656 sigilla

83 1662 316 1699 constituunt.

139 1719 301 1761 Primum
319 1725 417 1762 enim
436 1723 652 1774 signaculum
674 1739 682 1762 :
702 1724 815 1762 Novit
835 1725 1053 1766 Dominus...
1071 1727 1250 1778 explicant
1270 1728 1322 1769 de

87 1780 306 1831 praescientiti
326 1778 420 1829 Dei,
443 1796 506 1821 seu
527 1782 855 1832 praedestinatione.

140 1840 300 1893 Utraque
316 1850 435 1883 antem
452 1846 487 1883 in
511 1843 593 1885 Deo
613 1852 689 1894 est,
711 1860 786 1886 non
803 1850 839 1886 in
860 1847 971 1887 fideli.

137 1902 305 1956 Σφρειγίς
318 1932 331 1948 ,
346 1908 564 1961 signaculum
583 1909 680 1961 quod
698 1911 899 1950 inscribitur
919 1911 1042 1963 lapidi,
1054 1911 1111 1951 vel
1129 1913 1166 1950 in
1186 1913 1321 1953 annulo
1351 1904 1354 1907 ”

84 1965 304 2016 insculpitur.

141 2021 242 2064 luter
258 2026 341 2065 alias
359 2030 638 2079 explicationes,
661 2029 792 2084 Tyrini
815 2037 849 2071 et
877 2028 970 2071 Estii
994 2032 1183 2083 explicatio
1205 2034 1323 2083 magis·

87 2082 214 2134 placet.
229 2082 402 2124 Videatur
422 2090 539 2140 itaque
556 2119 566 2137 ‚
586 2093 616 2129 si
635 2105 709 2129 non
727 2091 860 2143 placeat
875 2098 1010 2130 nostra.

142 2138 188 2184 Ῡ.
212 2157 274 2183 20.
299 2147 344 2183 In
363 2149 499 2197 magnii
521 2159 644 2189 autem
660 2152 808 2196 domn...

140 2201 261 2242 Mirari
291 2208 369 2256 quis
399 2215 518 2258 posset
544 2211 640 2262 quod
668 2215 759 2250 inter
790 2212 999 2251 christianos
1012 2242 1023 2261 ‚
1055 2212 1092 2250 id
1122 2218 1197 2260 est,
1226 2214 1324 2252 inter

85 2263 209 2303 fideles
225 2270 262 2304 et
277 2273 418 2306 sanctos
431 2295 442 2316 ,
463 2272 682 2321 reperiantur
698 2271 846 2323 quidam
862 2271 1023 2311 infideles
1041 2279 1077 2311 et
1094 2270 1195 2312 mali.
