1448 2540
417 77 597 111 rumex
623 71 855 108 mesrrlo.
885 57 991 117 Cap.-
1011 59 1053 105 Ι.
1306 75 1363 117 ⁷¹

158 134 650 190 scortatoroeJmascutorum
663 136 940 184 concubitores,
959 133 1226 187 mancipiorum
1244 130 1362 185 sures,

105 203 325 252 mendaces,
343 207 380 241 et
395 201 560 253 perjuros
577 214 587 245 3
607 204 645 238 et
663 200 701 236 in
721 198 931 238 universum
963 209 1096 237 omnes
1112 207 1370 248 quoscumque

106 275 260 316 quorum
280 263 355 302 vita
387 259 564 300 contraria
593 264 649 298 est
678 270 780 298 sanae
810 258 989 299 doctrinae
1011 264 1194 311 rectaeque
1217 269 1368 297 morum

107 325 338 365 institutioni.
1210 356 1212 358 ,

164 383 263 436 Quae
277 397 364 424 sana
378 382 543 422 doctrina
559 380 760 422 concordat
784 393 866 421 cum
884 377 1090 432 Evangelio
1119 376 1195 419 Dei
1222 382 1372 420 summe

103 447 230 497 beati,
246 445 397 498 gloriam
415 444 800 503 nobispromittentffi
823 443 924 493 cujus
955 439 1134 503 evangffli
1166 440 1370 494 predicatio

109 507 204 549 mihi
225 509 420 549 commissa
443 511 511 546 est.

166 567 310 610 Gratias
322 582 391 621 ago
404 565 573 607 Domino
593 572 720 607 nostro
735 563 826 606 Jesu
847 562 997 605 Christo
1020 566 1080 616 qui
1099 563 1190 618 mihi
1208 564 1304 603 vires
1317 562 1369 603 ad

110 631 149 671 id
168 631 437 684 suppeditavit,
453 632 582 681 gratias
594 659 606 679 ‚
622 631 770 681 inquam
782 656 795 678 ‚
812 641 879 681 ago
892 656 904 678 ‚
924 627 1007 679 quia
1019 626 1168 683 fidchm
1189 638 1248 665 me
1263 624 1376 677 judi-r

108 698 205 736 cavit
222 698 280 737 cui
297 702 436 736 tantum
455 697 701 736 committeret
722 694 980 734 ministerium.

163 781 257 824 Mihi
268 783 419 831 scilicet,
436 784 498 835 qui
509 784 607 834 prius
619 781 669 821 sui
679 779 931 832 blasphemus,
945 787 982 820 et
993 785 1218 833 persecutor,
1233 785 1271 820 et
1279 777 1375 819 hosa.

108 848 155 885 tis
171 845 473 890 contumeliosus;
496 843 562 883 sed
579 841 684 882 Deus
700 842 772 883 mei
788 844 958 882 misertus
991 847 1069 890 est,
1086 842 1168 892 quia
1184 853 1250 892 per
1262 841 1374 891 igno·

109 908 264 946 tantiam
285 905 372 956 feci,
395 913 432 945 et
449 908 533 945 cum
553 905 674 945 adhuc
693 918 813 945 essem
831 906 867 944 in
889 903 1050 944 tenebris
1071 901 1346 942 incredulitatis.

166 991 212 1033 In
227 1006 290 1033 me
323 997 445 1032 autem
473 990 783 1043 superabundavit
803 993 922 1042 gratia*
945 989 1103 1030 Domini
1123 991 1260 1037 nostri,
1285 1001 1376 1028 cum

79 1061 81 1063 '
106 1053 181 1093 fide
202 1060 239 1093 et
258 1053 454 1092 dilectione
477 1051 673 1091 christiana
697 1051 761 1099 (at
785 1054 823 1091 in
841 1065 900 1090 me
914 1065 989 1091 non
1007 1052 1170 1091 constitit
1198 1048 1272 1090 Dei
1291 1051 1374 1089 mi·-

108 1111 346 1160 sericordia).

164 1174 311 1216 Veritas
335 1181 432 1215 certa
462 1180 540 1222 est,
562 1181 597 1214 et
622 1174 728 1226 digna
750 1174 856 1227 plane
885 1188 993 1227 quam
1015 1177 1190 1227 recipiant
1215 1171 1374 1227 omnesk

109 1237 268 1288 scilicet,
293 1236 391 1290 quod
409 1234 574 1277 Christus
595 1235 705 1276 Jesus
722 1239 759 1277 in
775 1236 873 1276 hunc
887 1237 1066 1277 mundum
1082 1239 1183 1277 venit
1197 1265 1209 1287 ,
1229 1243 1267 1276 ut
1283 1250 1375 1288 pec·
1402 1251 1409 1261 ¹

110 1309 252 1344 catores
268 1302 446 1351 salvaret,
466 1316 620 1356 quorum
637 1316 707 1355 ego
727 1316 807 1342 sum
828 1305 1021 1354 pessimus.

167 1386 243 1430 Sed
262 1395 453 1443 propterea
475 1387 549 1429 mei
568 1389 739 1429 misertus
757 1396 812 1429 est
841 1386 1007 1429 Christus
1030 1386 1160 1439 JesuS,
1183 1390 1275 1429 utin
1292 1402 1376 1438 me,

114 1455 235 1506 primo
252 1461 289 1494 et
308 1458 471 1494 maximo
493 1461 689 1506 peccatore
702 1483 713 1504 ‚
733 1467 914 1494 summam
940 1456 1152 1507 patientiam
1172 1461 1207 1494 et
1225 1457 1376 1496 miseri-

113 1515 276 1554 cordiam
303 1527 406 1554 suam
438 1515 672 1562 ostenderet,
691 1515 738 1554 ad
772 1515 985 1568 exemplum
1013 1523 1049 1556 et
1078 1515 1378 1556 consolationem

113 1587 241 1614 eorum
255 1603 266 1625 ‚
286 1574 346 1625 qui
363 1573 532 1613 credituri
552 1580 635 1613 sunt
653 1575 690 1612 in
711 1575 829 1626 ipsum
844 1604 856 1624 ‚
876 1575 923 1614 ad
942 1578 1054 1615 vitam
1071 1582 1260 1617 aeternam.

112 1688 114 1690 v
167 1663 234 1707 Ob
252 1665 324 1707 hoc
341 1673 476 1707 aeterna
498 1667 609 1719 gloria
632 1675 863 1721 aeternusque
880 1667 1001 1708 honor
1027 1670 1073 1708 sit
1106 1671 1214 1708 unico
1231 1669 1377 1722 solique

90 1747 95 1754 ¹-
113 1726 222 1774 Deo,
243 1729 455 1768 saeculorum
472 1735 753 1783 temporumque
774 1733 941 1771 omnium
959 1733 1035 1786 regi
1055 1731 1247 1772 immortali
1261 1738 1297 1772 et
1310 1734 1377 1772 in·—

113 1788 260 1829 visibili.
284 1786 426 1829 Amen.

167 1848 302 1890 Totam
313 1850 515 1891 doctrinam
526 1853 813 1904 praecedentem,
826 1867 904 1899 seu,
917 1852 989 1893 hoc
999 1860 1220 1907 praeceptum
1234 1855 1280 1895 de
1294 1870 1375 1909 quo
1389 1861 1392 1862 ’

113 1913 151 1950 in
163 1910 358 1963 hoccapite
372 1912 684 1963 commendetibi,
701 1914 750 1954 fili
774 1911 1049 1962 mi'l'imothee‚
1059 1921 1098 1953 ut
1108 1916 1206 1964 juxta
1214 1915 1379 1967 prophe·

112 1973 178 2011 tias
193 1971 240 2012 de
255 1978 291 2012 te
312 1971 420 2013 factas
434 2003 444 2022 ,
464 1974 604 2028 illisque
622 1976 852 2028 respondens
865 2004 876 2023 ‚
893 1975 1030 2014 bonam
1046 1975 1178 2015 milites
1190 1977 1374 2021 militiam;

163 2057 297 2100 Fidem
312 2073 462 2101 servans
481 2064 660 2102 sinceram
675 2092 685 2111 ‚
704 2064 914 2116 bonamque
931 2061 1073 2103 habens
1090 2066 1368 2111 conscientiam

48 2129 49 2133 ’
110 2135 224 2223 quan}
243 2126 328 2176 quia
351 2126 559 2177 repulerunt
579 2129 725 2180 quidam
742 2158 752 2178 .,
785 2128 872 2168 fidei
897 2127 1122 2181 naufragium
1137 2159 1149 2180 ,
1170 2143 1232 2170 scu
1253 2133 1378 2183 jactu-

52 2190 59 2194 “
110 2197 190 2223 ram
222 2192 390 2226 ecerunt.

162 2245 198 2286 E
212 2261 367 2300 quorum
383 2261 536 2290 numero
559 2248 621 2290 'est
642 2250 874 2303 Hymenaeus
895 2259 932 2293 et
950 2250 1178 2304 Alexander,
1203 2267 1294 2306 quos
1309 2266 1383 2307 per

28 2364 30 2371 ‚
63 2331 65 2333 ·
107 2312 531 2352 excommunicationem
554 2312 686 2352 tradidi
703 2311 845 2354 Satanae
861 2345 873 2364 ‚
897 2316 935 2355 in
967 2329 1121 2369 corpore
1138 2315 1377 2366 cruciandos,

109 2377 148 2412 ut
173 2372 315 2415 discant
333 2387 410 2415 non
452 2375 605 2429 amplius
623 2373 887 2428 blasphemare.
