<?xml version="1.0" encoding="UTF-8"?>
<!DOCTYPE html PUBLIC "-//W3C//DTD XHTML 1.0 Transitional//EN"
    "http://www.w3.org/TR/xhtml1/DTD/xhtml1-transitional.dtd">
<html xmlns="http://www.w3.org/1999/xhtml" xml:lang="en" lang="en">
 <head>
  <title>
</title>
<meta http-equiv="Content-Type" content="text/html;charset=utf-8" />
  <meta name='ocr-system' content='tesseract 3.04.00' />
  <meta name='ocr-capabilities' content='ocr_page ocr_carea ocr_par ocr_line ocrx_word'/>
</head>
<body>
  <div class='ocr_page' id='page_1' title='image "./epistolaumbpauli05picq_0257.png"; bbox 0 0 1462 2540; ppageno 0'>
   <div class='ocr_carea' id='block_1_1' title="bbox 0 0 1354 129">
    <p class='ocr_par' dir='ltr' id='par_1_1' title="bbox 0 0 1354 129">
     <span class='ocr_line' id='line_1_1' title="bbox 0 0 1354 129; baseline 0.018 -32"><span class='ocrx_word' id='word_1_1' title='bbox 0 0 21 129; x_wconf 62' lang='grc' dir='ltr'>ξ</span> <span class='ocrx_word' id='word_1_2' title='bbox 409 42 591 111; x_wconf 54' lang='grc' dir='ltr'>,ηανξ</span> <span class='ocrx_word' id='word_1_3' title='bbox 605 80 827 110; x_wconf 69' lang='lat' dir='ltr'>exposrrro.</span> <span class='ocrx_word' id='word_1_4' title='bbox 850 60 949 121; x_wconf 70' lang='lat' dir='ltr'>Cap.</span> <span class='ocrx_word' id='word_1_5' title='bbox 978 70 1037 110; x_wconf 84' lang='grc' dir='ltr'>ΙΙ.</span> <span class='ocrx_word' id='word_1_6' title='bbox 1264 69 1354 120; x_wconf 69' lang='grc'>243</span> 
     </span>
    </p>
   </div>
   <div class='ocr_carea' id='block_1_2' title="bbox 114 135 1353 623">
    <p class='ocr_par' dir='ltr' id='par_1_2' title="bbox 114 135 1350 377">
     <span class='ocr_line' id='line_1_2' title="bbox 168 135 1350 192; baseline -0.002 -11"><span class='ocrx_word' id='word_1_7' title='bbox 168 139 328 192; x_wconf 76' lang='lat' dir='ltr'>Propter</span> <span class='ocrx_word' id='word_1_8' title='bbox 353 138 432 179; x_wconf 73' lang='lat' dir='ltr'>hoe</span> <span class='ocrx_word' id='word_1_9' title='bbox 446 135 551 179; x_wconf 62' lang='lat' dir='ltr'>tde&#39;m</span> <span class='ocrx_word' id='word_1_10' title='bbox 574 136 813 190; x_wconf 81' lang='lat' dir='ltr'>Evangelium</span> <span class='ocrx_word' id='word_1_11' title='bbox 833 141 954 178; x_wconf 87' lang='lat' dir='ltr'>omnia</span> <span class='ocrx_word' id='word_1_12' title='bbox 978 139 1074 179; x_wconf 81' lang='lat' dir='ltr'>mata</span> <span class='ocrx_word' id='word_1_13' title='bbox 1090 140 1222 190; x_wconf 78' lang='lat' dir='ltr'>patior;</span> <span class='ocrx_word' id='word_1_14' title='bbox 1243 145 1281 179; x_wconf 87' lang='lat' dir='ltr'>ut</span> <span class='ocrx_word' id='word_1_15' title='bbox 1299 139 1350 179; x_wconf 86' lang='lat' dir='ltr'>illi</span> 
     </span>
     <span class='ocr_line' id='line_1_3' title="bbox 116 203 1350 257; baseline -0.001 -13"><span class='ocrx_word' id='word_1_16' title='bbox 116 219 207 257; x_wconf 86' lang='lat' dir='ltr'>qnos</span> <span class='ocrx_word' id='word_1_17' title='bbox 227 203 326 244; x_wconf 90' lang='lat' dir='ltr'>Deus</span> <span class='ocrx_word' id='word_1_18' title='bbox 350 203 481 254; x_wconf 86' lang='lat' dir='ltr'>elegit,</span> <span class='ocrx_word' id='word_1_19' title='bbox 505 205 637 242; x_wconf 86' lang='lat' dir='ltr'>nostris</span> <span class='ocrx_word' id='word_1_20' title='bbox 669 203 852 242; x_wconf 83' lang='lat' dir='ltr'>laboribus</span> <span class='ocrx_word' id='word_1_21' title='bbox 869 203 1100 244; x_wconf 88' lang='lat' dir='ltr'>adducendos</span> <span class='ocrx_word' id='word_1_22' title='bbox 1126 203 1172 244; x_wconf 83' lang='lat' dir='ltr'>ad</span> <span class='ocrx_word' id='word_1_23' title='bbox 1197 204 1350 244; x_wconf 84' lang='lat' dir='ltr'>salutem</span> 
     </span>
     <span class='ocr_line' id='line_1_4' title="bbox 114 262 1348 317; baseline -0.001 -10"><span class='ocrx_word' id='word_1_24' title='bbox 114 279 197 317; x_wconf 67' lang='lat' dir='ltr'>qum</span> <span class='ocrx_word' id='word_1_25' title='bbox 222 279 287 316; x_wconf 85' lang='lat' dir='ltr'>per</span> <span class='ocrx_word' id='word_1_26' title='bbox 301 262 485 304; x_wconf 76' lang='lat' dir='ltr'><strong>Christum</strong></span> <span class='ocrx_word' id='word_1_27' title='bbox 502 262 631 304; x_wconf 88' lang='lat' dir='ltr'>Jesum</span> <span class='ocrx_word' id='word_1_28' title='bbox 654 265 837 304; x_wconf 73' lang='lat' dir='ltr'>obtinetur</span> <span class='ocrx_word' id='word_1_29' title='bbox 851 294 862 313; x_wconf 83' lang='lat'>‚</span> <span class='ocrx_word' id='word_1_30' title='bbox 891 267 1079 305; x_wconf 87' lang='lat' dir='ltr'>nobiscum</span> <span class='ocrx_word' id='word_1_31' title='bbox 1102 279 1199 306; x_wconf 87' lang='lat' dir='ltr'>nune</span> <span class='ocrx_word' id='word_1_32' title='bbox 1226 268 1348 317; x_wconf 66' lang='lat' dir='ltr'>gratia</span> 
     </span>
     <span class='ocr_line' id='line_1_5' title="bbox 115 320 940 377; baseline -0.004 -10"><span class='ocrx_word' id='word_1_33' title='bbox 115 330 227 367; x_wconf 83' lang='lat' dir='ltr'>vitam</span> <span class='ocrx_word' id='word_1_34' title='bbox 245 320 452 371; x_wconf 60' lang='lat' dir='ltr'>inveniant,</span> <span class='ocrx_word' id='word_1_35' title='bbox 474 332 510 364; x_wconf 86' lang='lat' dir='ltr'>et</span> <span class='ocrx_word' id='word_1_36' title='bbox 531 326 721 377; x_wconf 85' lang='lat' dir='ltr'>aliquando</span> <span class='ocrx_word' id='word_1_37' title='bbox 743 326 940 366; x_wconf 87' lang='lat' dir='ltr'>coelestem.</span> 
     </span>
    </p>

    <p class='ocr_par' dir='ltr' id='par_1_3' title="bbox 114 386 1353 560">
     <span class='ocr_line' id='line_1_6' title="bbox 169 386 1350 438; baseline 0.001 -11"><span class='ocrx_word' id='word_1_38' title='bbox 169 386 316 438; x_wconf 84' lang='lat' dir='ltr'>(Hujus</span> <span class='ocrx_word' id='word_1_39' title='bbox 333 388 523 427; x_wconf 87' lang='lat' dir='ltr'>recordare</span> <span class='ocrx_word' id='word_1_40' title='bbox 541 387 688 438; x_wconf 83' lang='lat' dir='ltr'>gloriae)</span> <span class='ocrx_word' id='word_1_41' title='bbox 706 403 716 426; x_wconf 72' lang='grc' dir='ltr'><strong><em>ε</em></strong></span> <span class='ocrx_word' id='word_1_42' title='bbox 733 402 819 428; x_wconf 86' lang='lat' dir='ltr'>nam</span> <span class='ocrx_word' id='word_1_43' title='bbox 839 402 899 428; x_wconf 88' lang='lat' dir='ltr'>res</span> <span class='ocrx_word' id='word_1_44' title='bbox 917 396 970 428; x_wconf 86' lang='lat' dir='ltr'>est</span> <span class='ocrx_word' id='word_1_45' title='bbox 985 395 1080 428; x_wconf 82' lang='lat' dir='ltr'>certa</span> <span class='ocrx_word' id='word_1_46' title='bbox 1097 395 1133 428; x_wconf 88' lang='lat' dir='ltr'>et</span> <span class='ocrx_word' id='word_1_47' title='bbox 1148 387 1350 428; x_wconf 80' lang='lat' dir='ltr'>indubitata</span> 
     </span>
     <span class='ocr_line' id='line_1_7' title="bbox 116 446 1353 501; baseline 0.001 -14"><span class='ocrx_word' id='word_1_48' title='bbox 116 449 212 501; x_wconf 72' lang='lat' dir='ltr'>quod</span> <span class='ocrx_word' id='word_1_49' title='bbox 231 451 262 487; x_wconf 89' lang='lat' dir='ltr'>si</span> <span class='ocrx_word' id='word_1_50' title='bbox 284 463 348 499; x_wconf 89' lang='lat' dir='ltr'>pro</span> <span class='ocrx_word' id='word_1_51' title='bbox 375 446 521 488; x_wconf 78' lang='lat' dir='ltr'>Christo</span> <span class='ocrx_word' id='word_1_52' title='bbox 543 457 578 488; x_wconf 89' lang='lat' dir='ltr'>et</span> <span class='ocrx_word' id='word_1_53' title='bbox 598 463 679 489; x_wconf 80' lang='lat' dir='ltr'>cum</span> <span class='ocrx_word' id='word_1_54' title='bbox 697 447 848 490; x_wconf 85' lang='lat' dir='ltr'>Christo</span> <span class='ocrx_word' id='word_1_55' title='bbox 870 453 1043 489; x_wconf 85' lang='lat' dir='ltr'>morimur</span> <span class='ocrx_word' id='word_1_56' title='bbox 1057 478 1067 496; x_wconf 89' lang='lat'><strong>‚</strong></span> <span class='ocrx_word' id='word_1_57' title='bbox 1098 463 1179 489; x_wconf 89' lang='lat' dir='ltr'>cum</span> <span class='ocrx_word' id='word_1_58' title='bbox 1205 446 1353 489; x_wconf 79' lang='lat' dir='ltr'>Christo</span> 
     </span>
     <span class='ocr_line' id='line_1_8' title="bbox 114 511 925 560; baseline 0.004 -12"><span class='ocrx_word' id='word_1_59' title='bbox 114 522 339 560; x_wconf 83' lang='lat' dir='ltr'><strong>resurgemus</strong></span> <span class='ocrx_word' id='word_1_60' title='bbox 355 538 366 556; x_wconf 92' lang='lat'><strong>‚</strong></span> <span class='ocrx_word' id='word_1_61' title='bbox 385 512 495 548; x_wconf 90' lang='lat' dir='ltr'>vitam</span> <span class='ocrx_word' id='word_1_62' title='bbox 511 511 749 550; x_wconf 76' lang='lat' dir='ltr'>immortalem</span> <span class='ocrx_word' id='word_1_63' title='bbox 764 513 892 551; x_wconf 81' lang='lat' dir='ltr'>victuri</span> <span class='ocrx_word' id='word_1_64' title='bbox 914 526 925 558; x_wconf 91' lang='lat'><strong>;</strong></span> 
     </span>
    </p>

    <p class='ocr_par' dir='ltr' id='par_1_4' title="bbox 167 569 1295 623">
     <span class='ocr_line' id='line_1_9' title="bbox 167 569 1295 623; baseline 0.002 -14"><span class='ocrx_word' id='word_1_65' title='bbox 167 569 207 610; x_wconf 88' lang='lat' dir='ltr'>Si</span> <span class='ocrx_word' id='word_1_66' title='bbox 225 585 290 623; x_wconf 90' lang='lat' dir='ltr'>pro</span> <span class='ocrx_word' id='word_1_67' title='bbox 302 571 360 610; x_wconf 88' lang='lat' dir='ltr'>illo</span> <span class='ocrx_word' id='word_1_68' title='bbox 374 575 543 622; x_wconf 86' lang='lat' dir='ltr'>patimur,</span> <span class='ocrx_word' id='word_1_69' title='bbox 566 579 601 612; x_wconf 93' lang='lat' dir='ltr'>et</span> <span class='ocrx_word' id='word_1_70' title='bbox 621 587 703 612; x_wconf 89' lang='lat' dir='ltr'>cum</span> <span class='ocrx_word' id='word_1_71' title='bbox 723 573 781 612; x_wconf 86' lang='lat' dir='ltr'>illo</span> <span class='ocrx_word' id='word_1_72' title='bbox 792 576 831 613; x_wconf 89' lang='lat' dir='ltr'>in</span> <span class='ocrx_word' id='word_1_73' title='bbox 848 582 1026 615; x_wconf 85' lang='lat' dir='ltr'>aeternum</span> <span class='ocrx_word' id='word_1_74' title='bbox 1041 574 1295 623; x_wconf 81' lang='lat' dir='ltr'>regnabimus:</span> 
     </span>
    </p>
   </div>
   <div class='ocr_carea' id='block_1_3' title="bbox 119 630 1353 743">
    <p class='ocr_par' dir='ltr' id='par_1_5' title="bbox 119 630 1353 743">
     <span class='ocr_line' id='line_1_10' title="bbox 170 630 1353 691; baseline 0.008 -20"><span class='ocrx_word' id='word_1_75' title='bbox 170 630 208 671; x_wconf 93' lang='lat' dir='ltr'>Si</span> <span class='ocrx_word' id='word_1_76' title='bbox 227 637 316 673; x_wconf 77' lang='lat' dir='ltr'>verb</span> <span class='ocrx_word' id='word_1_77' title='bbox 327 637 579 685; x_wconf 81' lang='lat' dir='ltr'>negaverimus</span> <span class='ocrx_word' id='word_1_78' title='bbox 596 648 679 674; x_wconf 89' lang='lat' dir='ltr'>eum</span> <span class='ocrx_word' id='word_1_79' title='bbox 697 648 818 675; x_wconf 84' lang='lat' dir='ltr'>coram</span> <span class='ocrx_word' id='word_1_80' title='bbox 833 636 1044 678; x_wconf 89' lang='lat' dir='ltr'>hominibus</span> <span class='ocrx_word' id='word_1_81' title='bbox 1055 666 1065 685; x_wconf 84' lang='lat'>‚</span> <span class='ocrx_word' id='word_1_82' title='bbox 1086 644 1121 676; x_wconf 89' lang='lat' dir='ltr'>et</span> <span class='ocrx_word' id='word_1_83' title='bbox 1132 638 1191 678; x_wconf 93' lang='lat' dir='ltr'>ille</span> <span class='ocrx_word' id='word_1_84' title='bbox 1205 639 1353 691; x_wconf 79' lang='lat' dir='ltr'>negabit</span> 
     </span>
     <span class='ocr_line' id='line_1_11' title="bbox 119 690 783 743; baseline 0.008 -14"><span class='ocrx_word' id='word_1_85' title='bbox 119 705 188 730; x_wconf 88' lang='lat' dir='ltr'>nos</span> <span class='ocrx_word' id='word_1_86' title='bbox 206 707 326 731; x_wconf 89' lang='lat' dir='ltr'>coram</span> <span class='ocrx_word' id='word_1_87' title='bbox 348 690 513 743; x_wconf 81' lang='lat' dir='ltr'>Angelis.</span> <span class='ocrx_word' id='word_1_88' title='bbox 779 717 783 718; x_wconf 29' lang='grc' dir='ltr'><em>ν</em></span> 
     </span>
    </p>
   </div>
   <div class='ocr_carea' id='block_1_4' title="bbox 115 751 1360 1531">
    <p class='ocr_par' dir='ltr' id='par_1_6' title="bbox 115 751 1354 921">
     <span class='ocr_line' id='line_1_12' title="bbox 169 751 1353 812; baseline 0.005 -20"><span class='ocrx_word' id='word_1_89' title='bbox 169 751 211 792; x_wconf 87' lang='lat' dir='ltr'>Si</span> <span class='ocrx_word' id='word_1_90' title='bbox 236 767 312 792; x_wconf 89' lang='lat' dir='ltr'>non</span> <span class='ocrx_word' id='word_1_91' title='bbox 332 753 512 812; x_wconf 80' lang='lat' dir='ltr'>credimus</span> <span class='ocrx_word' id='word_1_92' title='bbox 542 753 647 800; x_wconf 92' lang='lat' dir='ltr'>(sive</span> <span class='ocrx_word' id='word_1_93' title='bbox 678 755 776 807; x_wconf 87' lang='lat' dir='ltr'>quod</span> <span class='ocrx_word' id='word_1_94' title='bbox 803 762 878 804; x_wconf 85' lang='lat' dir='ltr'>est,</span> <span class='ocrx_word' id='word_1_95' title='bbox 904 758 983 797; x_wconf 90' lang='lat' dir='ltr'>sive</span> <span class='ocrx_word' id='word_1_96' title='bbox 1003 757 1101 809; x_wconf 85' lang='lat' dir='ltr'>quod</span> <span class='ocrx_word' id='word_1_97' title='bbox 1123 758 1251 806; x_wconf 83' lang='lat' dir='ltr'>dixit),</span> <span class='ocrx_word' id='word_1_98' title='bbox 1273 759 1353 810; x_wconf 86' lang='lat' dir='ltr'>ipse</span> 
     </span>
     <span class='ocr_line' id='line_1_13' title="bbox 115 815 1354 867; baseline 0.003 -13"><span class='ocrx_word' id='word_1_99' title='bbox 115 815 350 855; x_wconf 84' lang='lat' dir='ltr'>nihilominus</span> <span class='ocrx_word' id='word_1_100' title='bbox 378 823 565 867; x_wconf 89' lang='lat' dir='ltr'>permanet</span> <span class='ocrx_word' id='word_1_101' title='bbox 582 816 681 856; x_wconf 84' lang='lat' dir='ltr'>idem</span> <span class='ocrx_word' id='word_1_102' title='bbox 707 819 743 856; x_wconf 91' lang='lat' dir='ltr'>in</span> <span class='ocrx_word' id='word_1_103' title='bbox 765 830 827 866; x_wconf 88' lang='lat' dir='ltr'>se,</span> <span class='ocrx_word' id='word_1_104' title='bbox 849 818 965 856; x_wconf 87' lang='lat' dir='ltr'>fidelis</span> <span class='ocrx_word' id='word_1_105' title='bbox 989 825 1025 858; x_wconf 84' lang='lat' dir='ltr'>et</span> <span class='ocrx_word' id='word_1_106' title='bbox 1049 832 1161 858; x_wconf 86' lang='lat' dir='ltr'>verax</span> <span class='ocrx_word' id='word_1_107' title='bbox 1177 820 1215 858; x_wconf 90' lang='lat' dir='ltr'>in</span> <span class='ocrx_word' id='word_1_108' title='bbox 1231 819 1354 858; x_wconf 87' lang='lat' dir='ltr'>verbis</span> 
     </span>
     <span class='ocr_line' id='line_1_14' title="bbox 119 890 217 921; baseline 0 -7"><span class='ocrx_word' id='word_1_109' title='bbox 119 890 191 915; x_wconf 80' lang='lat' dir='ltr'>suis</span> <span class='ocrx_word' id='word_1_110' title='bbox 207 892 217 921; x_wconf 88' lang='lat'><strong>;</strong></span> 
     </span>
    </p>

    <p class='ocr_par' dir='ltr' id='par_1_7' title="bbox 119 927 1355 1102">
     <span class='ocr_line' id='line_1_15' title="bbox 173 927 1355 987; baseline 0.002 -13"><span class='ocrx_word' id='word_1_111' title='bbox 173 933 256 974; x_wconf 87' lang='lat' dir='ltr'>Nee</span> <span class='ocrx_word' id='word_1_112' title='bbox 276 941 394 987; x_wconf 85' lang='lat' dir='ltr'>potest</span> <span class='ocrx_word' id='word_1_113' title='bbox 411 937 568 986; x_wconf 87' lang='lat' dir='ltr'>seipsum</span> <span class='ocrx_word' id='word_1_114' title='bbox 583 927 739 986; x_wconf 83' lang='lat' dir='ltr'>negare,</span> <span class='ocrx_word' id='word_1_115' title='bbox 772 950 834 975; x_wconf 87' lang='lat' dir='ltr'>seu</span> <span class='ocrx_word' id='word_1_116' title='bbox 854 950 931 975; x_wconf 92' lang='lat' dir='ltr'>non</span> <span class='ocrx_word' id='word_1_117' title='bbox 953 950 1057 985; x_wconf 86' lang='lat' dir='ltr'>esse,</span> <span class='ocrx_word' id='word_1_118' title='bbox 1075 950 1144 976; x_wconf 88' lang='lat' dir='ltr'>nec</span> <span class='ocrx_word' id='word_1_119' title='bbox 1159 943 1277 987; x_wconf 88' lang='lat' dir='ltr'>potest</span> <span class='ocrx_word' id='word_1_120' title='bbox 1291 950 1355 976; x_wconf 88' lang='lat' dir='ltr'>sua</span> 
     </span>
     <span class='ocr_line' id='line_1_16' title="bbox 119 994 1352 1047; baseline 0.003 -15"><span class='ocrx_word' id='word_1_121' title='bbox 119 995 230 1033; x_wconf 90' lang='lat' dir='ltr'>verba</span> <span class='ocrx_word' id='word_1_122' title='bbox 249 1007 400 1045; x_wconf 85' lang='lat' dir='ltr'>negare,</span> <span class='ocrx_word' id='word_1_123' title='bbox 425 1007 490 1047; x_wconf 79' lang='lat' dir='ltr'>seu</span> <span class='ocrx_word' id='word_1_124' title='bbox 506 997 650 1033; x_wconf 84' lang='lat' dir='ltr'>mentiri</span> <span class='ocrx_word' id='word_1_125' title='bbox 676 994 896 1045; x_wconf 82' lang='lat' dir='ltr'>(negatione</span> <span class='ocrx_word' id='word_1_126' title='bbox 915 995 1037 1034; x_wconf 69' lang='lat' dir='ltr'>nostra</span> <span class='ocrx_word' id='word_1_127' title='bbox 1055 996 1106 1034; x_wconf 89' lang='lat' dir='ltr'>nil</span> <span class='ocrx_word' id='word_1_128' title='bbox 1124 997 1171 1036; x_wconf 90' lang='lat' dir='ltr'>illi</span> <span class='ocrx_word' id='word_1_129' title='bbox 1191 997 1352 1046; x_wconf 84' lang='lat' dir='ltr'>accedit,</span> 
     </span>
     <span class='ocr_line' id='line_1_17' title="bbox 119 1055 364 1102; baseline 0 -8"><span class='ocrx_word' id='word_1_130' title='bbox 119 1055 170 1094; x_wconf 86' lang='lat' dir='ltr'>nil</span> <span class='ocrx_word' id='word_1_131' title='bbox 191 1055 364 1102; x_wconf 77' lang='lat' dir='ltr'>recedit).</span> 
     </span>
    </p>

    <p class='ocr_par' dir='ltr' id='par_1_8' title="bbox 120 1111 1359 1215">
     <span class='ocr_line' id='line_1_18' title="bbox 173 1111 1359 1173; baseline 0 -19"><span class='ocrx_word' id='word_1_132' title='bbox 173 1113 234 1154; x_wconf 91' lang='lat' dir='ltr'>De</span> <span class='ocrx_word' id='word_1_133' title='bbox 251 1114 307 1154; x_wconf 80' lang='lat' dir='ltr'>his</span> <span class='ocrx_word' id='word_1_134' title='bbox 325 1114 532 1166; x_wconf 74' lang='lat' dir='ltr'>{requenter</span> <span class='ocrx_word' id='word_1_135' title='bbox 556 1114 713 1154; x_wconf 83' lang='lat' dir='ltr'>admone</span> <span class='ocrx_word' id='word_1_136' title='bbox 732 1115 856 1155; x_wconf 83' lang='lat' dir='ltr'>fideles</span> <span class='ocrx_word' id='word_1_137' title='bbox 877 1115 944 1154; x_wconf 85' lang='lat' dir='ltr'>tibi</span> <span class='ocrx_word' id='word_1_138' title='bbox 967 1116 1202 1165; x_wconf 87' lang='lat' dir='ltr'>commissos,</span> <span class='ocrx_word' id='word_1_139' title='bbox 1222 1111 1359 1173; x_wconf 70' lang='lat' dir='ltr'>Qhris-</span> 
     </span>
     <span class='ocr_line' id='line_1_19' title="bbox 120 1173 624 1215; baseline -0.002 0"><span class='ocrx_word' id='word_1_140' title='bbox 120 1181 196 1215; x_wconf 80' lang='lat' dir='ltr'>tum</span> <span class='ocrx_word' id='word_1_141' title='bbox 214 1173 419 1214; x_wconf 85' lang='lat' dir='ltr'>Dominum</span> <span class='ocrx_word' id='word_1_142' title='bbox 438 1181 624 1214; x_wconf 80' lang='lat' dir='ltr'>attestans.</span> 
     </span>
    </p>

    <p class='ocr_par' dir='ltr' id='par_1_9' title="bbox 121 1234 1359 1350">
     <span class='ocr_line' id='line_1_20' title="bbox 174 1234 1359 1287; baseline 0.001 -12"><span class='ocrx_word' id='word_1_143' title='bbox 174 1234 308 1276; x_wconf 89' lang='lat' dir='ltr'>Verbis</span> <span class='ocrx_word' id='word_1_144' title='bbox 327 1250 374 1275; x_wconf 88' lang='lat' dir='ltr'>ne</span> <span class='ocrx_word' id='word_1_145' title='bbox 394 1237 592 1275; x_wconf 82' lang='lat' dir='ltr'>contendas</span> <span class='ocrx_word' id='word_1_146' title='bbox 614 1251 623 1274; x_wconf 72' lang='grc' dir='ltr'>ι</span> <span class='ocrx_word' id='word_1_147' title='bbox 641 1235 713 1274; x_wconf 88' lang='lat' dir='ltr'>hoc</span> <span class='ocrx_word' id='word_1_148' title='bbox 731 1238 830 1274; x_wconf 89' lang='lat' dir='ltr'>enim</span> <span class='ocrx_word' id='word_1_149' title='bbox 847 1249 922 1275; x_wconf 90' lang='lat' dir='ltr'>non</span> <span class='ocrx_word' id='word_1_150' title='bbox 942 1237 1110 1287; x_wconf 89' lang='lat' dir='ltr'>prodest,</span> <span class='ocrx_word' id='word_1_151' title='bbox 1129 1238 1204 1275; x_wconf 73' lang='lat' dir='ltr'>imo</span> <span class='ocrx_word' id='word_1_152' title='bbox 1222 1241 1359 1286; x_wconf 82' lang='lat' dir='ltr'>nocet,</span> 
     </span>
     <span class='ocr_line' id='line_1_21' title="bbox 121 1297 1304 1350; baseline 0.001 -14"><span class='ocrx_word' id='word_1_153' title='bbox 121 1299 202 1350; x_wconf 92' lang='lat' dir='ltr'>quia</span> <span class='ocrx_word' id='word_1_154' title='bbox 217 1297 516 1348; x_wconf 69' lang='lat' dir='ltr'>disputationibus</span> <span class='ocrx_word' id='word_1_155' title='bbox 532 1310 631 1348; x_wconf 80' lang='lat' dir='ltr'>saepe</span> <span class='ocrx_word' id='word_1_156' title='bbox 646 1299 903 1337; x_wconf 87' lang='lat' dir='ltr'>subvertuntur</span> <span class='ocrx_word' id='word_1_157' title='bbox 923 1299 1142 1338; x_wconf 86' lang='lat' dir='ltr'>audientium</span> <span class='ocrx_word' id='word_1_158' title='bbox 1161 1300 1304 1338; x_wconf 78' lang='lat' dir='ltr'>animae.</span> 
     </span>
    </p>

    <p class='ocr_par' dir='ltr' id='par_1_10' title="bbox 123 1357 1360 1531">
     <span class='ocr_line' id='line_1_22' title="bbox 176 1357 1359 1410; baseline 0 -12"><span class='ocrx_word' id='word_1_159' title='bbox 176 1357 289 1398; x_wconf 86' lang='lat' dir='ltr'>Stude</span> <span class='ocrx_word' id='word_1_160' title='bbox 330 1361 483 1410; x_wconf 87' lang='lat' dir='ltr'>teipsum</span> <span class='ocrx_word' id='word_1_161' title='bbox 519 1357 604 1398; x_wconf 91' lang='lat' dir='ltr'>Deo</span> <span class='ocrx_word' id='word_1_162' title='bbox 634 1366 772 1409; x_wconf 83' lang='lat' dir='ltr'>gratum</span> <span class='ocrx_word' id='word_1_163' title='bbox 817 1362 1018 1410; x_wconf 81' lang='lat' dir='ltr'>operarium</span> <span class='ocrx_word' id='word_1_164' title='bbox 1052 1359 1248 1409; x_wconf 87' lang='lat' dir='ltr'>exhibere,</span> <span class='ocrx_word' id='word_1_165' title='bbox 1282 1373 1359 1399; x_wconf 89' lang='lat' dir='ltr'>non</span> 
     </span>
     <span class='ocr_line' id='line_1_23' title="bbox 123 1419 1360 1471; baseline 0 -12"><span class='ocrx_word' id='word_1_166' title='bbox 123 1420 398 1460; x_wconf 86' lang='lat' dir='ltr'>erubescentem</span> <span class='ocrx_word' id='word_1_167' title='bbox 426 1427 571 1471; x_wconf 89' lang='lat' dir='ltr'>propter</span> <span class='ocrx_word' id='word_1_168' title='bbox 609 1422 802 1471; x_wconf 87' lang='lat' dir='ltr'>opprobria</span> <span class='ocrx_word' id='word_1_169' title='bbox 833 1419 988 1467; x_wconf 85' lang='lat' dir='ltr'>Christi,</span> <span class='ocrx_word' id='word_1_170' title='bbox 1013 1423 1167 1461; x_wconf 87' lang='lat' dir='ltr'>verbum</span> <span class='ocrx_word' id='word_1_171' title='bbox 1199 1423 1360 1461; x_wconf 84' lang='lat' dir='ltr'>veritatis</span> 
     </span>
     <span class='ocr_line' id='line_1_24' title="bbox 123 1479 872 1531; baseline 0.003 -13"><span class='ocrx_word' id='word_1_172' title='bbox 123 1479 215 1530; x_wconf 91' lang='lat' dir='ltr'>(pro</span> <span class='ocrx_word' id='word_1_173' title='bbox 236 1483 406 1531; x_wconf 81' lang='lat' dir='ltr'>cujusque</span> <span class='ocrx_word' id='word_1_174' title='bbox 428 1480 559 1529; x_wconf 81' lang='lat' dir='ltr'>captu)</span> <span class='ocrx_word' id='word_1_175' title='bbox 582 1480 872 1520; x_wconf 85' lang='lat' dir='ltr'>distribuentem.</span> 
     </span>
    </p>
   </div>
   <div class='ocr_carea' id='block_1_5' title="bbox 125 1560 1360 1676">
    <p class='ocr_par' dir='ltr' id='par_1_11' title="bbox 125 1560 1360 1676">
     <span class='ocr_line' id='line_1_25' title="bbox 178 1560 1360 1616; baseline 0.005 -15"><span class='ocrx_word' id='word_1_176' title='bbox 178 1560 354 1602; x_wconf 85' lang='lat' dir='ltr'>Prosanas</span> <span class='ocrx_word' id='word_1_177' title='bbox 380 1575 513 1601; x_wconf 88' lang='lat' dir='ltr'>vocum</span> <span class='ocrx_word' id='word_1_178' title='bbox 531 1564 711 1603; x_wconf 85' lang='lat' dir='ltr'>novitates</span> <span class='ocrx_word' id='word_1_179' title='bbox 741 1565 882 1611; x_wconf 81' lang='lat' dir='ltr'>devita,</span> <span class='ocrx_word' id='word_1_180' title='bbox 907 1567 988 1616; x_wconf 88' lang='lat' dir='ltr'>quia</span> <span class='ocrx_word' id='word_1_181' title='bbox 1003 1566 1153 1606; x_wconf 76' lang='lat' dir='ltr'>multum</span> <span class='ocrx_word' id='word_1_182' title='bbox 1170 1564 1360 1607; x_wconf 77' lang='lat' dir='ltr'>conferunt</span> 
     </span>
     <span class='ocr_line' id='line_1_26' title="bbox 125 1625 922 1676; baseline 0.004 -13"><span class='ocrx_word' id='word_1_183' title='bbox 125 1625 170 1664; x_wconf 83' lang='lat' dir='ltr'>ad</span> <span class='ocrx_word' id='word_1_184' title='bbox 191 1627 410 1675; x_wconf 86' lang='lat' dir='ltr'>impietatem</span> <span class='ocrx_word' id='word_1_185' title='bbox 426 1627 463 1664; x_wconf 89' lang='lat' dir='ltr'>in</span> <span class='ocrx_word' id='word_1_186' title='bbox 480 1627 601 1664; x_wconf 82' lang='lat' dir='ltr'>animo</span> <span class='ocrx_word' id='word_1_187' title='bbox 619 1626 922 1676; x_wconf 82' lang='lat' dir='ltr'>ingenerandam3</span> 
     </span>
    </p>
   </div>
   <div class='ocr_carea' id='block_1_6' title="bbox 41 1701 1363 1999">
    <p class='ocr_par' dir='ltr' id='par_1_12' title="bbox 41 1701 1360 1925">
     <span class='ocr_line' id='line_1_27' title="bbox 179 1701 1360 1755; baseline 0.003 -13"><span class='ocrx_word' id='word_1_188' title='bbox 179 1701 230 1742; x_wconf 85' lang='lat' dir='ltr'>Et</span> <span class='ocrx_word' id='word_1_189' title='bbox 246 1716 365 1742; x_wconf 83' lang='lat' dir='ltr'>sermo</span> <span class='ocrx_word' id='word_1_190' title='bbox 389 1702 530 1742; x_wconf 86' lang='lat' dir='ltr'>illorum</span> <span class='ocrx_word' id='word_1_191' title='bbox 547 1703 693 1754; x_wconf 86' lang='lat' dir='ltr'>profana</span> <span class='ocrx_word' id='word_1_192' title='bbox 710 1711 746 1744; x_wconf 82' lang='lat' dir='ltr'>et</span> <span class='ocrx_word' id='word_1_193' title='bbox 764 1718 859 1744; x_wconf 88' lang='lat' dir='ltr'>nova</span> <span class='ocrx_word' id='word_1_194' title='bbox 875 1704 1114 1755; x_wconf 85' lang='lat' dir='ltr'>loquentium,</span> <span class='ocrx_word' id='word_1_195' title='bbox 1139 1706 1248 1744; x_wconf 81' lang='lat' dir='ltr'>instar</span> <span class='ocrx_word' id='word_1_196' title='bbox 1268 1718 1360 1745; x_wconf 87' lang='lat' dir='ltr'>can-</span> 
     </span>
     <span class='ocr_line' id='line_1_28' title="bbox 41 1766 1360 1819; baseline 0.004 -17"><span class='ocrx_word' id='word_1_197' title='bbox 41 1805 49 1812; x_wconf 63' lang='lat'>‚</span> <span class='ocrx_word' id='word_1_198' title='bbox 116 1766 218 1811; x_wconf 65' lang='lat' dir='ltr'>‚ceris</span> <span class='ocrx_word' id='word_1_199' title='bbox 234 1771 292 1803; x_wconf 89' lang='lat' dir='ltr'>aut</span> <span class='ocrx_word' id='word_1_200' title='bbox 308 1778 506 1815; x_wconf 82' lang='lat' dir='ltr'>gangraenae</span> <span class='ocrx_word' id='word_1_201' title='bbox 522 1770 652 1817; x_wconf 88' lang='lat' dir='ltr'>serpit,</span> <span class='ocrx_word' id='word_1_202' title='bbox 674 1770 799 1818; x_wconf 85' lang='lat' dir='ltr'>suique</span> <span class='ocrx_word' id='word_1_203' title='bbox 818 1769 952 1806; x_wconf 84' lang='lat' dir='ltr'>veneni</span> <span class='ocrx_word' id='word_1_204' title='bbox 970 1767 1195 1818; x_wconf 74' lang='lat' dir='ltr'>vim-longius</span> <span class='ocrx_word' id='word_1_205' title='bbox 1215 1780 1360 1819; x_wconf 87' lang='lat' dir='ltr'>semper</span> 
     </span>
     <span class='ocr_line' id='line_1_29' title="bbox 128 1821 1355 1879; baseline 0.006 -18"><span class='ocrx_word' id='word_1_206' title='bbox 128 1823 307 1863; x_wconf 83' lang='lat' dir='ltr'>diffundit.</span> <span class='ocrx_word' id='word_1_207' title='bbox 325 1821 385 1863; x_wconf 88' lang='lat' dir='ltr'>Ex</span> <span class='ocrx_word' id='word_1_208' title='bbox 403 1824 540 1864; x_wconf 90' lang='lat' dir='ltr'>illorum</span> <span class='ocrx_word' id='word_1_209' title='bbox 555 1826 809 1866; x_wconf 83' lang='lat' dir='ltr'>haeretieorum</span> <span class='ocrx_word' id='word_1_210' title='bbox 830 1840 979 1866; x_wconf 90' lang='lat' dir='ltr'>numero</span> <span class='ocrx_word' id='word_1_211' title='bbox 997 1834 1051 1866; x_wconf 85' lang='lat' dir='ltr'>est</span> <span class='ocrx_word' id='word_1_212' title='bbox 1074 1826 1301 1879; x_wconf 82' lang='lat' dir='ltr'>Hymenaeus</span> <span class='ocrx_word' id='word_1_213' title='bbox 1319 1834 1355 1868; x_wconf 89' lang='lat' dir='ltr'>et</span> 
     </span>
     <span class='ocr_line' id='line_1_30' title="bbox 127 1882 307 1925; baseline -0.006 -1"><span class='ocrx_word' id='word_1_214' title='bbox 127 1882 307 1925; x_wconf 86' lang='lat' dir='ltr'>Philetus.</span> 
     </span>
    </p>

    <p class='ocr_par' dir='ltr' id='par_1_13' title="bbox 184 1943 1363 1999">
     <span class='ocr_line' id='line_1_31' title="bbox 184 1943 1363 1999; baseline 0.003 -14"><span class='ocrx_word' id='word_1_215' title='bbox 184 1943 259 1994; x_wconf 75' lang='lat' dir='ltr'>Qui</span> <span class='ocrx_word' id='word_1_216' title='bbox 276 1948 367 1984; x_wconf 84' lang='lat' dir='ltr'>circa</span> <span class='ocrx_word' id='word_1_217' title='bbox 378 1948 565 1985; x_wconf 87' lang='lat' dir='ltr'>veritatem</span> <span class='ocrx_word' id='word_1_218' title='bbox 578 1948 853 1995; x_wconf 83' lang='lat' dir='ltr'>aberraverunt,</span> <span class='ocrx_word' id='word_1_219' title='bbox 868 1947 1028 1986; x_wconf 83' lang='lat' dir='ltr'>dicentes</span> <span class='ocrx_word' id='word_1_220' title='bbox 1044 1947 1138 1999; x_wconf 77' lang='lat' dir='ltr'>quod</span> <span class='ocrx_word' id='word_1_221' title='bbox 1151 1951 1363 1990; x_wconf 77' lang='lat' dir='ltr'>resurrectio</span> 
     </span>
    </p>
   </div>
   <div class='ocr_carea' id='block_1_7' title="bbox 129 2006 1362 2119">
    <p class='ocr_par' dir='ltr' id='par_1_14' title="bbox 129 2006 1362 2119">
     <span class='ocr_line' id='line_1_32' title="bbox 129 2006 1362 2060; baseline 0.002 -14"><span class='ocrx_word' id='word_1_222' title='bbox 129 2010 201 2057; x_wconf 83' lang='lat' dir='ltr'>jam</span> <span class='ocrx_word' id='word_1_223' title='bbox 227 2006 319 2046; x_wconf 82' lang='lat' dir='ltr'>sacta</span> <span class='ocrx_word' id='word_1_224' title='bbox 345 2010 390 2046; x_wconf 86' lang='lat' dir='ltr'>sit</span> <span class='ocrx_word' id='word_1_225' title='bbox 419 2007 673 2060; x_wconf 70' lang='lat' dir='ltr'>(spiritualiter</span> <span class='ocrx_word' id='word_1_226' title='bbox 703 2022 768 2060; x_wconf 89' lang='lat' dir='ltr'>per</span> <span class='ocrx_word' id='word_1_227' title='bbox 796 2006 1070 2060; x_wconf 87' lang='lat' dir='ltr'>Baptismum),</span> <span class='ocrx_word' id='word_1_228' title='bbox 1094 2015 1131 2048; x_wconf 85' lang='lat' dir='ltr'>et</span> <span class='ocrx_word' id='word_1_229' title='bbox 1154 2023 1274 2049; x_wconf 90' lang='lat' dir='ltr'>errore</span> <span class='ocrx_word' id='word_1_230' title='bbox 1295 2024 1362 2050; x_wconf 87' lang='lat' dir='ltr'>suo</span> 
     </span>
     <span class='ocr_line' id='line_1_33' title="bbox 132 2067 787 2119; baseline 0.005 -14"><span class='ocrx_word' id='word_1_231' title='bbox 132 2067 367 2119; x_wconf 82' lang='lat' dir='ltr'>quorumdam</span> <span class='ocrx_word' id='word_1_232' title='bbox 382 2067 493 2106; x_wconf 91' lang='lat' dir='ltr'>fidem</span> <span class='ocrx_word' id='word_1_233' title='bbox 514 2069 787 2109; x_wconf 76' lang='lat' dir='ltr'>subverterunt:</span> 
     </span>
    </p>
   </div>
   <div class='ocr_carea' id='block_1_8' title="bbox 133 2151 1366 2329">
    <p class='ocr_par' dir='ltr' id='par_1_15' title="bbox 133 2151 1366 2329">
     <span class='ocr_line' id='line_1_34' title="bbox 186 2151 1363 2207; baseline 0.002 -14"><span class='ocrx_word' id='word_1_234' title='bbox 186 2151 260 2193; x_wconf 88' lang='lat' dir='ltr'>Sed</span> <span class='ocrx_word' id='word_1_235' title='bbox 279 2157 363 2192; x_wconf 78' lang='lat' dir='ltr'>vere</span> <span class='ocrx_word' id='word_1_236' title='bbox 382 2154 611 2207; x_wconf 70' lang='lat' dir='ltr'>fideles,·qui</span> <span class='ocrx_word' id='word_1_237' title='bbox 621 2165 703 2196; x_wconf 90' lang='lat' dir='ltr'>sunt</span> <span class='ocrx_word' id='word_1_238' title='bbox 719 2158 992 2198; x_wconf 78' lang='lat' dir='ltr'>fundamentum</span> <span class='ocrx_word' id='word_1_239' title='bbox 1006 2156 1135 2197; x_wconf 66' lang='lat' dir='ltr'>domas</span> <span class='ocrx_word' id='word_1_240' title='bbox 1153 2155 1250 2206; x_wconf 82' lang='lat' dir='ltr'>Dei,</span> <span class='ocrx_word' id='word_1_241' title='bbox 1267 2163 1363 2196; x_wconf 82' lang='lat' dir='ltr'>stant</span> 
     </span>
     <span class='ocr_line' id='line_1_35' title="bbox 133 2215 1364 2269; baseline 0.003 -15"><span class='ocrx_word' id='word_1_242' title='bbox 133 2216 228 2254; x_wconf 87' lang='lat' dir='ltr'>firmi</span> <span class='ocrx_word' id='word_1_243' title='bbox 243 2221 280 2253; x_wconf 87' lang='lat' dir='ltr'>et</span> <span class='ocrx_word' id='word_1_244' title='bbox 301 2216 440 2253; x_wconf 89' lang='lat' dir='ltr'>immoti</span> <span class='ocrx_word' id='word_1_245' title='bbox 454 2243 466 2263; x_wconf 70' lang='lat' dir='ltr'>s.</span> <span class='ocrx_word' id='word_1_246' title='bbox 498 2215 676 2258; x_wconf 86' lang='lat' dir='ltr'>habentes</span> <span class='ocrx_word' id='word_1_247' title='bbox 700 2219 765 2258; x_wconf 90' lang='lat' dir='ltr'>has</span> <span class='ocrx_word' id='word_1_248' title='bbox 796 2221 833 2258; x_wconf 88' lang='lat' dir='ltr'>in</span> <span class='ocrx_word' id='word_1_249' title='bbox 853 2221 972 2258; x_wconf 87' lang='lat' dir='ltr'>animo</span> <span class='ocrx_word' id='word_1_250' title='bbox 990 2218 1153 2269; x_wconf 86' lang='lat' dir='ltr'>sigillatas</span> <span class='ocrx_word' id='word_1_251' title='bbox 1169 2220 1364 2258; x_wconf 86' lang='lat' dir='ltr'>sententias</span> 
     </span>
     <span class='ocr_line' id='line_1_36' title="bbox 134 2274 1366 2329; baseline 0.002 -15"><span class='ocrx_word' id='word_1_252' title='bbox 134 2287 224 2327; x_wconf 90' lang='lat' dir='ltr'>quas</span> <span class='ocrx_word' id='word_1_253' title='bbox 242 2274 411 2327; x_wconf 90' lang='lat' dir='ltr'>operibus</span> <span class='ocrx_word' id='word_1_254' title='bbox 427 2274 688 2317; x_wconf 79' lang='lat' dir='ltr'>demonstrant.</span> <span class='ocrx_word' id='word_1_255' title='bbox 706 2277 892 2318; x_wconf 85' lang='lat' dir='ltr'>Primam:</span> <span class='ocrx_word' id='word_1_256' title='bbox 915 2275 1096 2328; x_wconf 79' lang='lat' dir='ltr'>Cognovit</span> <span class='ocrx_word' id='word_1_257' title='bbox 1111 2275 1291 2318; x_wconf 90' lang='lat' dir='ltr'>Dominus</span> <span class='ocrx_word' id='word_1_258' title='bbox 1304 2279 1366 2329; x_wconf 81' lang='lat' dir='ltr'>qui</span> 
     </span>
    </p>
   </div>
   <div class='ocr_carea' id='block_1_9' title="bbox 0 870 49 2540">
    <p class='ocr_par' dir='ltr' id='par_1_16' title="bbox 0 870 49 2540">
     <span class='ocr_line' id='line_1_37' title="bbox 0 870 49 2540; baseline 0 0"><span class='ocrx_word' id='word_1_259' title='bbox 0 870 49 2540; x_wconf 95' lang='lat' dir='ltr'> </span> 
     </span>
    </p>
   </div>
  </div>
 </body>
</html>
