1448 2540
315 43 496 75 Turn-:x
515 42 751 94 ssxrosmo.
774 31 870 85 Cap.
898 33 933 76 Ι.
1198 38 1249 80 13

28 100 143 162 &Sicut
153 107 314 150 noctuae,
329 100 468 154 fugiunt
478 100 609 150 solem,
626 101 796 141 tenebras
808 110 990 155 quaerunt,
1003 106 1246 148 conformiter

48 164 377 207 verbum-Domini
392 180 401 204 ε
418 171 580 211 montes,
602 164 727 204 cadite
746 179 857 215 super
869 180 966 207 nos..

14 223 16 226 ”
44 220 91 270 ff.
112 242 174 268 10.
188 228 281 267 Ciam
297 226 438 266 venerit
449 224 699 276 glorificari...

44 289 150 331 Duos
165 291 216 330 ob
231 290 325 330 fines
342 289 404 328 fiet
422 287 589 340 generale
606 287 782 338 judicium
804 303 814 328 t
838 290 977 340 pn‘mo,
993 295 1032 330 ut
1050 292 1245 343 puniantur
1292 306 1298 311 ⁹

27 351 97 398 ali;
120 357 158 391 et
178 351 225 391 de
245 350 371 391 hocin
387 350 554 390 versibus
571 350 817 402 superioribus
834 365 844 389 ε
859 351 1044 403 secundo,
1065 360 1103 394 ut
1119 367 1243 395 remu·

16 420 163 455 erentur
182 403 296 454 sancti
308 442 319 461 ‚
342 412 390 452 de
405 426 477 465 quo
497 411 571 452 hic.

45 478 139 516 cam
159 478 300 517 venerit
327 474 373 515 ad
401 482 545 515 sanctos
576 488 662 514 suos
691 475 937 528 praemiandos
966 483 1003 517 et
1032 477 1078 517 ad
1107 484 1244 520 tantam

11 537 110 578 loriae
127 551 202 578 suae
218 538 530 589 participationem
561 535 800 587 evehendos‚
825 544 864 577 ut
898 544 934 578 et
952 539 1032 591 ipse
1046 569 1056 586 ,
1075 541 1123 579 ob
1146 539 1242 581 hanc

8 611 64 638 uae
82 597 204 650 gloriae
222 596 513 647 irradiationem,
547 598 586 636 in
606 599 741 637 sanctis
768 601 842 638 suis
875 599 1140 641 admirabiliter
1161 602 1244 655 glo-

7 662 105 700 iosus
122 660 301 699 videatur.

43 721 111 764 Gr.
130 722 334 772 mirificari,
355 722 394 762 id
411 728 487 773 est,
512 722 743 763 admirandus
762 723 868 775 fieri,
891 738 956 765 seu
975 725 1106 777 dignus
1131 739 1243 778 quem

35 787 209 826 mirentur
229 785 302 826 alii.

42 847 164 899 Hujus
175 848 506 901 gioriaesanctorum
516 854 679 901 aspectus
692 849 838 900 augebit
854 850 1049 902 impiorum
1062 850 1240 901 dolorem,

5 911 158 953 ·identes
186 914 437 952 turbabuntur
460 914 590 952 timore
607 913 844 961 horribilt',....
861 913 1022 952 dicentes
1036 930 1051 952 .-
1081 912 1246 954 Ηῖειιηί

14 990 79 1016 uos
98 975 300 1014 habuimus
322 976 362 1017 in
379 976 554 1016 derisum.
572 976 654 1014 Nos
666 977 848 1014 insensati
858 976 914 1016 !...
934 973 1021 1028 Sap.
1042 974 1080 1016 5.

46 1039 148 1092 Quia
164 1037 342 1076 creditum
362 1045 472 1078 est...-

42 1100 158 1153 Quod
176 1101 222 1140 de
239 1101 410 1139 omnibus
422 1099 591 1139 fidelibus
609 1101 717 1150 dixit,
737 1099 881 1152 adaptat
898 1099 1240 1145 Thesssalonicen-

8 1166 103 1206 'bus.
299 1178 304 1179 ⁷

41 1225 291 1280 Supplendum
308 1227 428 1277 itaque
446 1254 457 1275 ‚
479 1231 515 1264 et
540 1226 580 1265 in
605 1225 712 1265 vohis
723 1236 741 1269 ,·
758 1223 832 1264 hoc
849 1225 948 1264 enim
966 1227 1182 1277 continetur,
1201 1230 1242 1269 ίη

8 1329 11 1332 ,
78 1287 173 1329 ibus.
560 1295 570 1304 ‘

42 1350 117 1392 Seu
132 1381 143 1400 ,
162 1353 183 1391 ὲ
203 1352 333 1404 quibus
363 1364 429 1389 vos
448 1353 555 1391 estis.
576 1352 658 1404 quia
680 1351 932 1389 testimonium
958 1357 1123 1406 nostrum
1136 1380 1147 1401 ‚
1176 1366 1243 1394 seu

15 1414 195 1455 raedicatio
215 1420 336 1453 nostra
352 1412 486 1452 credita
505 1420 558 1453 est
576 1416 597 1452 a
611 1413 718 1451 vohis
735 1412 783 1451 de
797 1412 856 1452 die
872 1411 942 1453 ilia.

43 1479 163 1528 Super
178 1491 267 1521 vos,
303 1476 340 1515 id
359 1482 413 1515 est
430 1504 440 1522 ‚
466 1478 562 1515 inter
580 1489 668 1525 νοε,
690 1476 787 1527 apud
815 1490 905 1525 vos,
924 1478 945 1515 a
965 1477 1071 1517 vobis
1085 1507 1096 1526 ‚
1117 1479 1156 1517 in
1174 1477 1242 1518 illd

17 1541 74 1585 ie,
100 1539 148 1578 de
168 1538 230 1578 die
245 1537 314 1576 illa.

44 1597 90 1645 ᾗ.
114 1619 128 1643 1
143 1619 174 1644 ι.
194 1604 242 1642 In
266 1617 335 1655 quo
354 1603 467 1641 etiam
486 1616 693 1642 wamma...
712 1599 797 1654 Syr.
816 1610 1021 1656 propterea.

22 1717 30 1725 .
47 1664 294 1719 Quapropter,
307 1678 384 1713 seu,
400 1670 438 1703 ut
451 1660 614 1702 Christus
625 1664 725 1703 sicin
738 1665 843 1704 vobis
857 1665 1086 1717 glorificetur,
1100 1682 1244 1721 semper

18 1741 58 1765 ro
75 1728 181 1766 vobis
202 1740 365 1764 oramus.

53 1788 105 1828 Ut
119 1789 289 1839 dignetur
303 1802 370 1827 vos
390 1788 584 1826 vocatione
599 1786 668 1826 sud
692 1789 792 1828 Deus
807 1796 943 1829 noster.

46 1849 92 1890 Id
111 1857 185 1899 est,
215 1856 253 1889 ut
279 1862 346 1889 vos
374 1847 478 1888 Deus
498 1856 624 1889 noster
643 1850 773 1902 dignos
789 1849 922 1890 efficiat
938 1848 1002 1890 sua
1023 1855 1241 1905 vocatione,

15 1925 58 1951 eu
78 1910 150 1962 qua
166 1924 234 1950 vos
250 1912 323 1960 jam
342 1912 488 1949 vocavit
506 1909 552 1948 ad
574 1910 686 1950 fidem
701 1917 739 1950 et
755 1910 801 1950 ad
818 1912 969 1963 gratiam
984 1940 996 1961 ,
1017 1918 1053 1951 et
1072 1925 1138 1964 per
1159 1928 1241 1956 eam

17 1974 41 2014 d
67 1973 161 2015 hanc
185 1974 423 2014 excellentem
443 1973 616 2026 gloriam;
643 1974 795 2027 dignos,
817 1976 990 2027 inquam,
1018 1975 1152 2017 efficiat
1176 1986 1257 2030 per‘

61 2043 155 2077 ctam
183 2038 222 2076 in
249 2036 344 2086 fide,
379 2036 576 2084 charitate,
599 2037 708 2076 bonis
739 2038 910 2089 operibus
939 2043 976 2077 et
1004 2038 1042 2077 in
1070 2040 1243 2091 patientia

12 2099 320 2139 ›erseverantiam-
1082 2103 1087 2106 ”

54 2157 121 2199 Gr.
137 2158 356 2208 nonhabet,
376 2157 439 2199 sua
453 2189 464 2210 ‚
484 2160 550 2201 sed
569 2163 727 2211 tantum,
744 2163 959 2211 vocatione,
981 2175 1064 2202 cum
1076 2163 1241 2216 articulo,

10 2236 106 2277 quem
126 2222 234 2275 aliqui
254 2228 419 2271 vertunt,
439 2222 518 2263 ista.

50 2282 163 2339 Syrus
182 2285 314 2334 vertit,
336 2282 455 2322 vestra
473 2284 679 2325 vocatione.
