1462 2540
227 116 245 126 .
368 91 548 126 mitti-:x
577 66 1310 132 uros1n0.asp.11.351

0 134 29 210 ,ἰ
56 165 164 201 mt.
176 154 301 210 Argue
315 161 396 196 cnr'n
410 151 516 206 plena
530 157 708 205 potestate
719 145 941 190 refractarios
954 156 989 191 et
1001 148 1311 191 contradicentes.

0 219 14 270 l*
59 225 169 263 itate
189 230 322 271 gerens
337 218 375 255 in
398 214 548 261 officio,
569 219 608 253 ut
628 227 740 253 nemo
761 219 795 252 te
814 212 1001 264 despiciat.

0 277 2 304 l
119 280 255 332 Quot'
244 293 282 318 ιη
302 283 382 318 toto
404 275 552 330 quidem
570 274 644 316 hoc
662 278 805 326 capite,
828 287 869 313 ac
895 276 1094 325 praesertim
1113 275 1151 313 in
1168 273 1226 314 his
1248 274 1315 315 ul·-

65 345 167 386 timis
186 341 378 387 versibus,
401 350 498 376 verae
525 337 665 389 pietatis
685 337 860 388 principia
875 343 983 388 atque
1009 336 1242 376 documenta!
1268 338 1317 393 sit

66 419 158 458 ergo

11 527 13 529 ,
67 489 317 531 corollarium
349 486 526 536 pietatis,
556 499 618 523 seu
653 486 692 523 in
721 485 792 523 hoc
817 484 948 535 Cupite
982 498 1024 534 2,
1063 485 1118 524 ad
1141 486 1318 537 pt'elatem

247 549 416 586 maxim&
435 546 601 584 notanda
613 575 626 592 ,
649 553 685 583 el
699 546 753 584 ad
765 547 917 596 praxim
934 546 1146 596 redigenda.

635 650 782 686 Ριιηιὸϊ

75 718 164 791 Ex
184 747 230 801 Ῠ.
253 767 268 791 1
282 767 297 791 1
313 783 324 802 ‚
344 752 442 791 disce
466 751 563 803 quod
583 749 746 790 Christus
762 750 917 790 salvator
933 758 1058 791 noster
1078 753 1124 791 sit
1146 751 1323 793 salutifera

17 842 21 846 -
71 811 150 854 Dei
167 816 292 864 gratia.

11 877 14 922 [
131 874 327 925 Apparuit
349 874 420 911 Dei
435 875 557 922 gratio
579 871 775 911 saluatoris
796 875 914 911 nostri
922 902 935 920 ,
963 880 1032 912 etc.
1055 875 1137 924 quia
1159 870 1325 914 Christus

76 935 191 977 Jesus
210 942 264 975 cst
285 937 438 987 primum
459 933 526 973 Dei
546 937 582 974 in
602 949 668 974 nos
685 942 890 987 peccatores
907 938 1098 987 gratuitum
1121 936 1272 976 donum.

138 998 192 1040 At
214 999 350 1039 donum
368 1001 405 1037 in
435 1012 506 1048 quo
526 1000 648 1037 omnia
674 999 903 1037 continentur
921 999 1097 1038 salutifera
1123 997 1196 1039 Dei
1217 1000 1327 1040 dona.

79 1122 125 1164 8.
141 1121 209 1163 32.

17 1184 30 1191 '
138 1182 243 1223 Fons
261 1185 379 1222 omnis
396 1183 483 1221 doni
503 1189 538 1222 et
555 1185 676 1235 gratiae
689 1212 700 1231 ‚
720 1196 766 1221 ex
785 1196 876 1234 quo,
898 1195 962 1234 per
978 1195 1109 1234 quem,
1130 1188 1166 1222 et
1182 1190 1330 1236 propter

16 1242 19 1247 ’
84 1259 198 1297 quem
220 1247 338 1284 omnis
362 1251 504 1284 emanat
524 1245 568 1283 ad
589 1258 656 1283 nos
671 1245 781 1294 gratia
802 1242 887 1283 Dei.

143 1306 245 1347 Hinc
268 1307 391 1358 collige
414 1314 565 1359 quantus
589 1307 720 1346 debeat
746 1314 927 1346 essffluus
949 1308 986 1345 in
1005 1303 1189 1345 Christum
1210 1306 1332 1347 affec-

46 1413 50 1421 :
87 1378 170 1418 tus,
186 1373 293 1423 quam
312 1374 480 1410 continua
495 1401 506 1415 ,
531 1378 566 1409 et
583 1372 708 1409 intima
724 1371 798 1417 tui,
816 1383 898 1408 cum
913 1369 984 1408 hoc
999 1371 1189 1421 gratiarum
1205 1368 1330 1420 sorite,

22 1440 25 1442 “
89 1432 212 1472 cordis
237 1434 347 1482 unio,
373 1434 454 1470 sine
477 1443 550 1481 quo
570 1429 660 1468 nihil
685 1443 748 1476 es,
775 1428 865 1468 nihil
888 1428 1027 1479 habes,
1051 1428 1142 1468 nihil
1165 1436 1288 1480 potes;
1310 1432 1333 1468 a

90 1507 166 1544 quo
178 1521 191 1540 ‚
209 1495 245 1530 in
262 1506 332 1543 quo
351 1498 384 1530 et
407 1505 469 1543 per
485 1490 582 1542 quod
598 1490 710 1529 habes
729 1496 764 1529 et
781 1496 885 1542 potes
904 1492 1026 1529 omnia
1045 1505 1054 1528 :
1077 1489 1218 1527 Omnia
1235 1492 1334 1541 pos'-

89 1571 175 1596 sum
198 1557 237 1594 ίη
258 1571 299 1594 eo
319 1557 382 1608 qui
400 1571 458 1594 me
477 1553 675 1605 confortat.

149 1615 298 1656 Christo
314 1619 431 1669 itaque
444 1615 532 1656 Jesu
545 1646 555 1663 ,
571 1617 692 1667 gratiae
706 1613 952 1663 substantiali,
969 1615 1158 1665 gratiarum
1172 1616 1337 1654 omnium

92 1679 216 1729 fonti,
245 1686 369 1720 mente
396 1686 431 1719 et
457 1680 565 1719 corde
595 1679 803 1730 frequenter
828 1679 952 1723 unire,
979 1678 1105 1718 dicens
1132 1693 1140 1716 :
1169 1679 1336 1729 Diligam

95 1751 153 1790 te,
171 1745 343 1790 Domine,
348 1742 534 1794 fortitudo
546 1757 644 1788 mea,
649 1742 937 1793 firmamentum
955 1755 1093 1787 meum,
1106 1747 1143 1779 et
1157 1738 1339 1792 rfiegium

95 1817 220 1841 meum
231 1831 243 1849 ,
265 1804 438 1841 liberator
454 1818 555 1842 meus
565 1831 578 1850 ‚
597 1802 748 1854 adjutor
762 1815 863 1840 meus
876 1829 888 1850 ‚
907 1808 1095 1853 susceptor
1109 1815 1213 1840 meus
1222 1829 1236 1849 ,
1253 1814 1341 1853 pm-

94 1869 214 1900 tector
234 1876 335 1900 meus
344 1890 358 1909 ,
384 1863 463 1901 vila
482 1877 579 1903 mea.

619 1967 818 2006 secusne.

157 2063 223 2106 Ex
246 2060 294 2108 25.
320 2081 388 2113 12,
416 2065 518 2106 disce
543 2065 640 2118 quod
662 2063 851 2114 Christus,
874 2061 988 2102 Filius
1008 2058 1102 2112 Dei,
1123 2066 1257 2100 aeterna
1280 2072 1347 2098 sa-

104 2129 242 2180 pientia
255 2157 267 2177 ,
288 2127 361 2174 sot.
384 2126 446 2166 lux
460 2156 471 2176 ‚
493 2126 620 2180 doctor
639 2127 782 2174 mundi,
795 2124 975 2176 apparuit,
996 2121 1184 2175 illuxitque
1210 2119 1348 2160 mundo

104 2202 174 2241 per
186 2189 468 2227 incarnationem
482 2217 492 2237 ‚
508 2195 680 2243 tanquam
695 2194 820 2228 noster
831 2185 1074 2239 paedagogus,
1091 2189 1132 2223 ut
1143 2195 1211 2224 nos
1221 2194 1350 2222 omnes

105 2249 289 2297 erudiret,

158 2309 246 2352 Suis
266 2313 423 2364 primum
446 2312 644 2365 exemplis;

29 1063 31 1066 ⁴
86 1059 280 1111 Quomodo
305 1073 378 1097 non
396 1059 509 1097 elium
530 1073 613 1096 cum
642 1059 704 1096 illo
726 1059 852 1097 omnia
881 1059 987 1097 nobis
1007 1058 1187 1098 donavit?
1211 1059 1328 1100 Rom.
1354 1087 1360 1093 ·

1429 2232 1455 2250 0
