1448 2540
0 0 67 159 ξ
116 130 129 134 „
380 86 555 120 mnu
574 79 802 117 exeosrnoa
831 46 1036 127 CoprV.
1122 132 1126 137 ·
1212 57 1312 114 '1⁸35

0 161 34 201 ἧς
45 146 53 199 ζ
63 144 366 204 minimatum
377 146 498 189 cordis
515 146 732 200 perversitas
747 160 759 186 ι
779 145 963 185 curiositas
976 144 1125 192 mentis,
1141 144 1311 197 inquam,

0 197 29 230 ²5¹

62 229 115 256 ne
125 213 308 267 spiritibus
318 211 448 252 erroris
462 222 585 250 aurem
595 208 758 261 praebeat
771 224 781 255 ;
803 207 1019 258 perversitas
1031 211 1152 246 autem
1168 204 1312 255 cordis,

63 291 114 318 ne
128 279 313 329 pervertat
326 279 362 313 et
382 273 572 312 mentem!

120 334 169 384 ff.
191 334 232 377 3.
257 333 540 374 Prohibendam
568 332 724 378 nubere,
752 330 938 370 abstinere
967 330 991 367 ὰ
1019 328 1135 368 cibis..
1158 324 1227 368 Est
1247 326 1317 367 hic

0 438 10 451 ,
64 401 199 452 ellipsis
218 400 407 446 contrarii,
426 397 561 437 scilicet
573 396 864 449 praecipientium
881 394 1077 433 abstinere.

118 459 305 500 Omnibus
329 461 526 511 generatim
553 457 709 509 depictis
736 455 940 496 haeresibus
966 461 1004 495 et
1029 451 1279 495 haeresiarchis
1295 481 1316 502 ,

15 552 17 554 -
64 536 163 562 nunc
178 522 267 562 duas
287 523 471 574 speciatim
486 526 587 560 notat
601 519 783 568 haereses,
801 531 882 571 quae
900 519 969 566 jam
987 523 1063 556 tum
1086 517 1226 555 initium
1248 528 1316 555 ce·

0 589 5 635 j
49 589 216 633 perant,
235 584 284 622 ait
303 579 351 621 D.
367 579 669 634 Chrysostomus.

119 643 311 684 Manichaei
329 643 476 694 quidem
496 642 695 682 docuerunt
711 642 852 692 nuptias
871 644 892 680 a
909 640 1004 680 malo
1023 637 1108 680 Deo
1121 668 1133 687 ‚
1150 651 1214 678 seu
1232 637 1315 677 dae-

64 719 176 746 mone
192 706 389 747 institutam
413 717 559 743 carnem
574 734 584 752 ‚
605 706 731 743 vinum
748 732 758 747 ‚
790 709 862 743 etc.
886 703 933 742 ab
950 702 1084 742 eodem
1113 699 1206 740 malo
1226 697 1317 740 Deo

0 757 19 807 ξ’
65 772 204 812 creata,
223 778 265 804 ac
290 763 443 816 proinde
459 763 550 802 mata
571 776 651 803 esse
669 768 706 802 et
725 761 936 801 hominibus
958 759 1122 800 cavenda
1135 789 1148 810 ,
1172 772 1220 798 ne
1235 757 1318 798 illo·

65 839 145 864 rum
158 825 362 864 inficiantur
384 838 463 863 usu.

119 881 200 926 Sed
216 899 289 937 non
308 886 444 935 primus
455 884 492 923 id
511 883 637 924 docuit
654 881 810 930 Manes;
827 879 1090 935 Apostolorum
1108 882 1208 920 enim
1219 885 1319 919 tem·

66 961 156 999 pore
175 945 247 986 hoc
269 948 386 997 ipsum
404 944 563 984 docuere
581 943 784 984 Simoniani
802 952 838 984 et
857 942 1085 993 Satumiani‚
1108 939 1316 987 Ebionitae;

0 1009 23 1068 fs
65 1010 203 1050 deinde
220 1007 378 1048 docuere
388 1005 632 1057 Marcionitae‚
649 1004 866 1056 Encratitae,
881 1004 1089 1046 Manichaei.
1107 1003 1204 1046 Vide
1221 1001 1321 1044 Cot-

0 1070 11 1116 }
65 1071 202 1111 netium
218 1074 240 1109 a
258 1068 396 1121 Lapide
409 1098 420 1117 ‚
445 1066 610 1118 Esaiam,
632 1066 827 1121 Tyrinum.

121 1129 216 1170 Hos·
240 1131 376 1182 primos
404 1128 593 1168 haereticos
623 1127 865 1167 verisimiliter
902 1124 1107 1166 Timotheo
1155 1123 1322 1175 designat

0 1169 3 1213 ἶ
64 1190 279 1244 Apostolus.

118 1249 229 1292 Forte
247 1258 284 1292 et
302 1252 389 1291 alios
410 1264 458 1291 ex
490 1250 614 1291 schola
639 1247 877 1305 pythagorica
897 1256 1021 1297 natos,
1043 1260 1198 1300 quorum
1216 1259 1323 1299 prat-

63 1316 158 1367 cipui
172 1321 274 1355 erant
293 1311 390 1366 Magi
407 1321 444 1354 et
459 1313 505 1353 ab
526 1313 735 1354 animalium
752 1327 815 1353 esu
830 1312 1076 1352 abstinebant.

119 1373 231 1416 Forte
249 1383 287 1416 et
302 1378 422 1428 ipsum
445 1373 686 1428 Apollonium
707 1373 744 1415 T
747 1374 941 1428 hyanaeum
961 1404 973 1424 ‚
1004 1374 1065 1424 qui
1093 1370 1159 1411 suit
1178 1369 1322 1422 pytha-

21 1470 24 1474 .
65 1439 206 1488 goricns
225 1445 261 1477 et
283 1451 409 1488 magus
423 1466 433 1485 ‚
462 1444 496 1476 et
518 1439 582 1487 qui
601 1434 808 1476 Timotheo
831 1438 981 1475 vivente
995 1464 1005 1484 ,
1034 1435 1100 1474 ivit
1116 1430 1325 1484 Ephesum.

224 1544 543 1573 ANJMADVERSIO
573 1543 615 1571 lx
646 1543 890 1572 NOSTRATES
919 1541 1165 1571 affini-:Troos-

118 1619 195 1661 Sed
210 1623 297 1660 sane
314 1619 460 1659 ridicula
484 1626 538 1659 est
557 1618 810 1658 haereticorum
830 1619 1012 1657 temeritas
1030 1646 1042 1666 ,
1064 1629 1143 1667 quae
1164 1614 1235 1654 hos
1254 1629 1323 1656 er-

66 1694 166 1720 rores
184 1678 359 1720 Ecciesiae
378 1679 561 1719 catholicae
577 1679 684 1719 audet
703 1680 904 1730 impingere
923 1706 934 1726 ‚
955 1681 1037 1716 esim
1055 1679 1131 1729 ipsa
1148 1678 1326 1717 veritates

0 1770 2 1799 3
66 1745 195 1784 doceat
215 1743 273 1782 his
289 1745 469 1784 erroribus
486 1746 686 1797 oppositas.

120 1806 170 1848 D.
187 1806 319 1847 Paulus
339 1808 496 1860 loquitur
521 1809 567 1848 de
593 1808 769 1848 haereticis
790 1787 851 1860 qui
873 1809 1012 1859 nuptias
1038 1806 1260 1847 damnabant
1278 1812 1323 1847 ut

41 1881 45 1886 ⁴
70 1868 226 1917 illicitas,
243 1872 264 1907 a
283 1867 455 1907 daemone
475 1870 666 1908 institutas.

121 1926 283 1982 Eccjesia
307 1932 448 1981 nuptias
467 1929 586 1969 iaudat
606 1937 646 1970 ut
664 1931 781 1970 bonas
802 1945 810 1968 ε
834 1930 1106 1969 matrimonium
1131 1934 1326 1970 reveretur

68 1997 107 2030 ut
125 1999 388 2033 sacramentum
405 1995 426 2031 a
442 1990 590 2032 Christo
606 1990 770 2032 Domino
789 1994 1017 2040 institutum,
1034 1991 1194 2042 illudque
1211 1991 1324 2031 docet

66 2060 227 2092 sanctum
240 2083 251 2101 ‚
270 2067 441 2105 magnum
456 2083 468 2103 ‚
492 2053 720 2094 honorabile.

122 2105 307 2164 Equidem
335 2116 579 2164 virginitatem
607 2117 640 2154 ei
674 2113 842 2168 praefert,
875 2120 914 2153 ut
941 2112 1251 2153 honorabiiiorem
1276 2118 1316 2152 et

11 2178 23 2195 ἓ·
66 2175 317 2224 pretiosiorem
337 2188 347 2211 ε
366 2174 433 2212 sed
450 2181 687 2224 argentumne
702 2175 849 2214 damnat
864 2176 925 2226 qui
943 2176 975 2214 ei
998 2174 1144 2225 praesert
1160 2185 1285 2211 aurum
1297 2165 1324 2210 't’

122 2230 324 2283 Quinimo‚
351 2231 514 2273 Ecclesia
534 2236 779 2286 virginitatem
802 2242 841 2275 ut
858 2237 1090 2281 matrimonio
1115 2234 1323 2287 pretiosio·-

0 2295 3 2324 ἱ
65 2303 143 2332 rem
162 2293 341 2334 laudando
355 2323 366 2342 ‚
390 2300 426 2333 et
444 2295 717 2335 matrimonium
733 2295 853 2336 laudat
870 2301 908 2335 ut
927 2296 1142 2346 pretiosum.
