1448 2540
330 95 532 129 rarum
558 81 1315 142 marimanam-163>

109 158 185 201 11ae
198 165 318 206 tres,
324 159 497 210 i‚nquaru
515 157 834 209 interpretationes
850 153 1072 208 Apostolicae
1088 157 1302 196 mentium

50 223 276 261 conveniunt
305 218 323 267 (
344 221 414 258 nisi
438 231 526 258 vera
562 223 784 269 supponatur
808 220 1014 258 communis
1045 219 1304 268 interpretatio

54 297 163 334 quam
181 295 269 322 mox
293 279 473 320 attulimus
494 279 541 319 de
565 279 754 352 voluntate
770 279 1011 320 antecedente
1025 279 1188 320 salvandi
1201 293 1302 320 om·—

51 356 120 383 ιιι»
137 342 321 382 homines.

96 399 257 449 Primo,
278 405 363 454 quia
379 402 531 443 limitant
552 403 840 454 propositionem
863 415 970 454 quam
988 399 1030 441 S.
1051 401 1187 443 Paulus
1206 399 1305 444 ferit

52 464 310 504 universalem.
1117 510 1123 516 ,

106 530 210 568 Deus
229 530 310 568 vult
326 543 454 568 omnes
471 528 638 567 homines
659 527 900 579 salvosfieri‚
924 529 972 567 ait
989 526 1204 581 Apostolus·-

102 588 211 630 Nulla
229 597 283 629 est
301 593 338 629 in
356 593 534 638 terminis,
554 604 624 630 nec
639 591 676 630 in
693 597 820 629 mente
841 592 1029 642 exceptio,
1048 598 1087 630 ut
1103 593 1220 631 visum
1235 596 1303 630 est

47 656 155 706 supra
179 660 229 692 ex
244 655 426 692 sermonis
450 651 652 704 Apostolici
669 659 856 693 contextu.

101 710 238 753 Contra
250 712 346 752 hanc
363 711 586 763 Apostolicae
605 715 864 765 propositionis
878 713 1182 755 universalitatem
1197 731 1208 755 :

104 771 207 814 Deus
233 773 308 813 vult
333 776 472 813 tantum
495 773 692 819 salvandos,
717 772 871 823 salvari,
890 777 939 815 ait
963 779 1078 828 prima
1103 777 1302 829 interpre-

50 836 152 874 tatio.

106 899 211 940 Deus
235 900 310 940 vult
333 901 470 954 aliquos
488 904 628 940 tantum
653 916 701 942 ex
718 902 819 941 omni
837 914 971 952 genere
1003 903 1194 944 hominum
1217 903 1305 943 sal-

50 965 151 1008 vari,
175 965 222 1001 ait
245 963 404 1001 ser-unda
433 965 695 1014 interpretatio.

104 1022 210 1063 Deus
237 1022 313 1063 vult
339 1026 479 1063 tantum
501 1025 782 1075 quamplurimos
799 1025 955 1078 saivari,
977 1029 1026 1067 ait
1055 1028 1156 1068 ¹‘ertia
1181 1029 1301 1067 inter·

58 1087 222 1136 pretatio.

108 1143 236 1187 Eece
225 1147 401 1186 maximas
419 1148 657 1198 exceptiones
670 1159 768 1198 quae,
781 1150 812 1186 si
827 1150 980 1187 omnino
996 1148 1117 1188 locum
1125 1147 1306 1198 habeant,

53 1204 223 1259 Apostoli
256 1207 394 1252 verba.
427 1214 591 1246 mentem
627 1213 663 1246 et
704 1220 857 1258 scopum
893 1209 1073 1247 immerito
1106 1216 1308 1250 coarctant..

110 1265 297 1315 Secundo,
318 1270 399 1319 quia
426 1266 485 1306 hae
505 1275 576 1308 tres
599 1270 918 1319 interpretationes
934 1267 1095 1315 (seclusa
1108 1268 1175 1308 alia
1191 1282 1304 1321 quam

51 1332 161 1381 supra
187 1328 401 1379 tetigimus)
427 1343 502 1368 non
535 1329 647 1368 modo
682 1327 731 1368 D.
764 1326 863 1368 Pauli
892 1337 1053 1367 mentem
1085 1335 1122 1368 et
1149 1343 1307 1381 scopum

52 1403 128 1428 non
157 1396 414 1442 assequuntur3
430 1390 497 1430 sed
528 1404 575 1430 ex
598 1391 686 1438 illis,
715 1397 839 1428 contra
854 1391 1168 1441 expressissimam
1186 1388 1303 1442 Apo-

52 1451 136 1489 stoli
161 1458 345 1498 mentem,
365 1459 577 1503 sequeretur
599 1464 675 1490 non
702 1464 783 1489 esse
804 1464 869 1500 pro
893 1453 1065 1490 omnibus
1089 1450 1305 1492 hominibus

55 1509 256 1554 orandum;
293 1511 359 1550 sed
397 1515 536 1549 tantum
564 1525 629 1562 pro
663 1511 864 1561 aliquibus,
897 1513 1092 1560 nimirum,
1124 1524 1190 1562 pro
1224 1511 1308 1550 sal-

65 1572 188 1611 ...ndis
217 1576 374 1619 tantum;
398 1586 463 1624 pro
488 1572 663 1625 aliquibus
690 1586 736 1612 ex
761 1574 863 1612 omui
885 1585 1020 1623 genere
1037 1600 1049 1621 ,
1076 1586 1142 1623 pro
1169 1585 1309 1623 quam-

58 1633 233 1686 plurimis.

113 1693 211 1734 Haec
224 1695 372 1747 sequela
390 1695 581 1735 manifesta
602 1703 669 1736 est.

115 1753 174 1794 Ex
197 1755 285 1794 divo
302 1754 439 1801 Paulo,
463 1756 533 1798 Dei
559 1758 724 1797 voluntas
739 1759 833 1796 circa
848 1756 1000 1796 salutem
1023 1756 1217 1796 hominum
1245 1761 1308 1796 est

60 1819 150 1857 ratio
168 1830 235 1856 nos
250 1831 406 1858 movens
423 1826 461 1858 et
473 1823 641 1860 excitans
660 1821 706 1860 ad
724 1821 900 1861 orandum
918 1834 982 1872 pro
1001 1821 1166 1860 omnium
1182 1818 1309 1859 homi·

62 1891 149 1917 num
169 1879 295 1918 salute.

116 1936 210 1986 Seu,
241 1939 348 1987 ideo,
384 1941 585 1981 secundum
610 1939 855 1994 Apostolum,
879 1941 1058 1982 debemus
1080 1953 1146 1993 pro
1174 1941 1311 1980 omni-

62 2000 132 2039 bus
149 2015 251 2041 orare
266 2030 281 2048 ‚
307 2005 388 2054 quia
410 2001 510 2042 Deus
527 2003 601 2042 vult
619 2017 747 2044 omnes
764 2003 907 2043 salvari.

117 2059 192 2101 Sed
212 2077 259 2102 ex
281 2062 396 2114 prima
425 2066 720 2115 interpretatione
735 2095 746 2110 ,
770 2064 869 2104 Deus
897 2063 971 2103 vult
996 2065 1139 2103 tantum
1155 2060 1311 2100 salvan-

63 2121 134 2160 dos
150 2123 301 2166 salvarit
323 2138 410 2176 ergo
428 2133 465 2165 et
489 2139 555 2176 pro
575 2125 756 2164 salvandis
773 2129 911 2164 tanturn
934 2124 1114 2163 debemus
1136 2135 1258 2161 orare.

117 2180 176 2222 Ex
195 2185 354 2223 secunda
373 2189 669 2238 interpretatione
682 2215 693 2233 ,
718 2187 818 2226 Deus
833 2187 908 2225 vult
933 2185 1072 2236 aliquos
1094 2186 1236 2222 tantum
1263 2195 1316 2221 ex

63 2247 165 2283 omni
187 2258 324 2294 genere
339 2245 510 2285 homines
524 2247 676 2302 salvariz
705 2261 792 2297 ergo
811 2254 848 2286 et
872 2261 937 2299 pro
954 2245 1131 2297 aliquibus
1151 2245 1319 2292 tantum,

63 2309 234 2353 exomni
249 2321 388 2361 genere
404 2308 511 2347 nobis
530 2314 584 2347 est
601 2308 794 2348 orandum.
