<?xml version="1.0" encoding="UTF-8"?>
<!DOCTYPE html PUBLIC "-//W3C//DTD XHTML 1.0 Transitional//EN"
    "http://www.w3.org/TR/xhtml1/DTD/xhtml1-transitional.dtd">
<html xmlns="http://www.w3.org/1999/xhtml" xml:lang="en" lang="en">
 <head>
  <title>
</title>
<meta http-equiv="Content-Type" content="text/html;charset=utf-8" />
  <meta name='ocr-system' content='tesseract 3.04.00' />
  <meta name='ocr-capabilities' content='ocr_page ocr_carea ocr_par ocr_line ocrx_word'/>
</head>
<body>
  <div class='ocr_page' id='page_1' title='image "./epistolaumbpauli05picq_0017.png"; bbox 0 0 1448 2540; ppageno 0'>
   <div class='ocr_carea' id='block_1_1' title="bbox 389 32 1329 88">
    <p class='ocr_par' dir='ltr' id='par_1_1' title="bbox 389 32 1329 88">
     <span class='ocr_line' id='line_1_1' title="bbox 389 32 1329 88; baseline -0.005 -9"><span class='ocrx_word' id='word_1_1' title='bbox 389 47 574 79; x_wconf 72' lang='lat' dir='ltr'>mm</span> <span class='ocrx_word' id='word_1_2' title='bbox 584 46 848 78; x_wconf 24' lang='lat' dir='ltr'>&#39;nvom-m«-</span> <span class='ocrx_word' id='word_1_3' title='bbox 861 32 960 88; x_wconf 57' lang='lat' dir='ltr'>Cap»</span> <span class='ocrx_word' id='word_1_4' title='bbox 973 36 1025 78; x_wconf 62' lang='lat'>15³</span> <span class='ocrx_word' id='word_1_5' title='bbox 1077 58 1084 67; x_wconf 64' lang='lat'>=</span> <span class='ocrx_word' id='word_1_6' title='bbox 1299 34 1329 79; x_wconf 84' lang='lat'>3</span> 
     </span>
    </p>
   </div>
   <div class='ocr_carea' id='block_1_2' title="bbox 79 167 1314 195">
    <p class='ocr_par' dir='ltr' id='par_1_2' title="bbox 79 167 1314 195">
     <span class='ocr_line' id='line_1_2' title="bbox 79 167 1314 195; baseline -0.005 -2"><span class='ocrx_word' id='word_1_7' title='bbox 79 167 1314 195; x_wconf 42' lang='grc' dir='ltr'><em>Μ</em></span> 
     </span>
    </p>
   </div>
   <div class='ocr_carea' id='block_1_3' title="bbox 442 231 949 312">
    <p class='ocr_par' dir='ltr' id='par_1_3' title="bbox 442 231 949 312">
     <span class='ocr_line' id='line_1_3' title="bbox 442 231 949 312; baseline -0.002 0"><span class='ocrx_word' id='word_1_8' title='bbox 442 231 660 312; x_wconf 57' lang='lat' dir='ltr'>emur</span> <span class='ocrx_word' id='word_1_9' title='bbox 688 264 949 311; x_wconf 80' lang='lat' dir='ltr'>PRMUM.</span> 
     </span>
    </p>
   </div>
   <div class='ocr_carea' id='block_1_4' title="bbox 559 402 835 460">
    <p class='ocr_par' dir='ltr' id='par_1_4' title="bbox 559 402 835 460">
     <span class='ocr_line' id='line_1_4' title="bbox 559 402 835 460; baseline 0.011 -17"><span class='ocrx_word' id='word_1_10' title='bbox 559 402 835 460; x_wconf 72' lang='lat' dir='ltr'>Parapbrast‘s.</span> 
     </span>
    </p>
   </div>
   <div class='ocr_carea' id='block_1_5' title="bbox 75 507 1331 653">
    <p class='ocr_par' dir='ltr' id='par_1_5' title="bbox 75 507 1331 653">
     <span class='ocr_line' id='line_1_5' title="bbox 78 507 1327 595; baseline -0.002 -14"><span class='ocrx_word' id='word_1_11' title='bbox 78 507 268 584; x_wconf 57' lang='lat' dir='ltr'>Primus</span> <span class='ocrx_word' id='word_1_12' title='bbox 282 572 293 591; x_wconf 81' lang='lat'>,</span> <span class='ocrx_word' id='word_1_13' title='bbox 311 548 348 582; x_wconf 84' lang='lat' dir='ltr'>et</span> <span class='ocrx_word' id='word_1_14' title='bbox 375 539 558 595; x_wconf 85' lang='lat' dir='ltr'>Sylvanus</span> <span class='ocrx_word' id='word_1_15' title='bbox 574 570 584 590; x_wconf 80' lang='lat'><strong>‚</strong></span> <span class='ocrx_word' id='word_1_16' title='bbox 609 555 675 582; x_wconf 86' lang='lat' dir='ltr'>seu</span> <span class='ocrx_word' id='word_1_17' title='bbox 698 539 803 595; x_wconf 87' lang='lat' dir='ltr'>Sylas</span> <span class='ocrx_word' id='word_1_18' title='bbox 819 569 832 589; x_wconf 86' lang='lat'>‚</span> <span class='ocrx_word' id='word_1_19' title='bbox 864 546 902 580; x_wconf 89' lang='lat' dir='ltr'>et</span> <span class='ocrx_word' id='word_1_20' title='bbox 928 537 1153 580; x_wconf 77' lang='lat' dir='ltr'><strong>Timotheus</strong></span> <span class='ocrx_word' id='word_1_21' title='bbox 1166 569 1176 588; x_wconf 92' lang='lat'>‚</span> <span class='ocrx_word' id='word_1_22' title='bbox 1195 537 1327 579; x_wconf 89' lang='lat' dir='ltr'>Thes-</span> 
     </span>
     <span class='ocr_line' id='line_1_6' title="bbox 75 599 1331 653; baseline -0.002 -8"><span class='ocrx_word' id='word_1_23' title='bbox 75 604 357 646; x_wconf 85' lang='lat' dir='ltr'>salonicensium</span> <span class='ocrx_word' id='word_1_24' title='bbox 376 600 576 653; x_wconf 60' lang='lat' dir='ltr'>Ecclesiae,</span> <span class='ocrx_word' id='word_1_25' title='bbox 605 606 644 643; x_wconf 90' lang='lat' dir='ltr'>in</span> <span class='ocrx_word' id='word_1_26' title='bbox 675 601 760 643; x_wconf 90' lang='lat' dir='ltr'>Deo</span> <span class='ocrx_word' id='word_1_27' title='bbox 795 599 907 642; x_wconf 86' lang='lat' dir='ltr'>Patre</span> <span class='ocrx_word' id='word_1_28' title='bbox 940 608 1069 642; x_wconf 86' lang='lat' dir='ltr'>nostro</span> <span class='ocrx_word' id='word_1_29' title='bbox 1101 608 1138 642; x_wconf 83' lang='lat' dir='ltr'>et</span> <span class='ocrx_word' id='word_1_30' title='bbox 1165 600 1331 642; x_wconf 89' lang='lat' dir='ltr'>Domino</span> 
     </span>
    </p>
   </div>
   <div class='ocr_carea' id='block_1_6' title="bbox 5 663 562 707">
    <p class='ocr_par' dir='ltr' id='par_1_6' title="bbox 5 663 562 707">
     <span class='ocr_line' id='line_1_7' title="bbox 5 663 562 707; baseline -0.011 1"><span class='ocrx_word' id='word_1_31' title='bbox 5 694 8 699; x_wconf 87' lang='lat'>-</span> <span class='ocrx_word' id='word_1_32' title='bbox 76 664 176 707; x_wconf 78' lang='lat' dir='ltr'>Jesu</span> <span class='ocrx_word' id='word_1_33' title='bbox 191 663 343 706; x_wconf 85' lang='lat' dir='ltr'>Christo</span> <span class='ocrx_word' id='word_1_34' title='bbox 356 666 562 705; x_wconf 78' lang='lat' dir='ltr'>existenti:</span> 
     </span>
    </p>
   </div>
   <div class='ocr_carea' id='block_1_7' title="bbox 0 1080 64 2540">
    <p class='ocr_par' dir='ltr' id='par_1_7' title="bbox 0 1080 64 2540">
     <span class='ocr_line' id='line_1_8' title="bbox 0 1080 64 2540; baseline 0 0"><span class='ocrx_word' id='word_1_35' title='bbox 0 1080 64 2540; x_wconf 95' lang='lat' dir='ltr'> </span> 
     </span>
    </p>
   </div>
   <div class='ocr_carea' id='block_1_8' title="bbox 77 746 1335 866">
    <p class='ocr_par' dir='ltr' id='par_1_8' title="bbox 77 746 1335 866">
     <span class='ocr_line' id='line_1_9' title="bbox 132 746 1335 805; baseline -0.003 -10"><span class='ocrx_word' id='word_1_36' title='bbox 132 751 259 795; x_wconf 80' lang='lat' dir='ltr'>Gratia</span> <span class='ocrx_word' id='word_1_37' title='bbox 285 754 393 794; x_wconf 81' lang='lat' dir='ltr'>vobis</span> <span class='ocrx_word' id='word_1_38' title='bbox 428 758 464 793; x_wconf 90' lang='lat' dir='ltr'>et</span> <span class='ocrx_word' id='word_1_39' title='bbox 490 766 562 805; x_wconf 85' lang='lat' dir='ltr'>pax</span> <span class='ocrx_word' id='word_1_40' title='bbox 593 751 699 792; x_wconf 89' lang='lat' dir='ltr'>detur</span> <span class='ocrx_word' id='word_1_41' title='bbox 730 764 773 791; x_wconf 88' lang='lat' dir='ltr'>ac</span> <span class='ocrx_word' id='word_1_42' title='bbox 798 749 1090 804; x_wconf 71' lang='lat' dir='ltr'>multiplicetura</span> <span class='ocrx_word' id='word_1_43' title='bbox 1117 746 1204 790; x_wconf 89' lang='lat' dir='ltr'>Deo</span> <span class='ocrx_word' id='word_1_44' title='bbox 1223 746 1335 791; x_wconf 85' lang='lat' dir='ltr'>Patre</span> 
     </span>
     <span class='ocr_line' id='line_1_10' title="bbox 77 810 795 866; baseline -0.001 -11"><span class='ocrx_word' id='word_1_45' title='bbox 77 821 228 866; x_wconf 87' lang='lat' dir='ltr'>nostro,</span> <span class='ocrx_word' id='word_1_46' title='bbox 249 821 286 855; x_wconf 90' lang='lat' dir='ltr'>et</span> <span class='ocrx_word' id='word_1_47' title='bbox 298 817 318 854; x_wconf 76' lang='lat' dir='ltr'>a</span> <span class='ocrx_word' id='word_1_48' title='bbox 334 812 500 855; x_wconf 90' lang='lat' dir='ltr'>Domino</span> <span class='ocrx_word' id='word_1_49' title='bbox 519 811 610 854; x_wconf 86' lang='lat' dir='ltr'>Jesu</span> <span class='ocrx_word' id='word_1_50' title='bbox 630 810 795 854; x_wconf 78' lang='lat' dir='ltr'>Christo,</span> 
     </span>
    </p>
   </div>
   <div class='ocr_carea' id='block_1_9' title="bbox 79 889 1337 1133">
    <p class='ocr_par' dir='ltr' id='par_1_9' title="bbox 79 889 1337 1133">
     <span class='ocr_line' id='line_1_11' title="bbox 134 889 1337 946; baseline -0.003 -12"><span class='ocrx_word' id='word_1_51' title='bbox 134 892 330 934; x_wconf 86' lang='lat' dir='ltr'>Debemus</span> <span class='ocrx_word' id='word_1_52' title='bbox 349 895 478 946; x_wconf 75' lang='lat' dir='ltr'>gratias</span> <span class='ocrx_word' id='word_1_53' title='bbox 498 889 584 932; x_wconf 90' lang='lat' dir='ltr'>Deo</span> <span class='ocrx_word' id='word_1_54' title='bbox 613 905 762 943; x_wconf 86' lang='lat' dir='ltr'><strong>semper</strong></span> <span class='ocrx_word' id='word_1_55' title='bbox 782 905 890 943; x_wconf 86' lang='lat' dir='ltr'>agere</span> <span class='ocrx_word' id='word_1_56' title='bbox 907 905 973 943; x_wconf 92' lang='lat' dir='ltr'>pro</span> <span class='ocrx_word' id='word_1_57' title='bbox 993 892 1125 941; x_wconf 87' lang='lat' dir='ltr'>vobis,</span> <span class='ocrx_word' id='word_1_58' title='bbox 1145 896 1186 930; x_wconf 80' lang='lat' dir='ltr'>ut</span> <span class='ocrx_word' id='word_1_59' title='bbox 1211 903 1273 942; x_wconf 88' lang='lat' dir='ltr'>par</span> <span class='ocrx_word' id='word_1_60' title='bbox 1300 897 1337 930; x_wconf 85' lang='lat' dir='ltr'>et</span> 
     </span>
     <span class='ocr_line' id='line_1_12' title="bbox 81 954 1335 1009; baseline -0.002 -13"><span class='ocrx_word' id='word_1_61' title='bbox 81 969 229 1009; x_wconf 80' lang='lat' dir='ltr'>aequurn</span> <span class='ocrx_word' id='word_1_62' title='bbox 256 961 342 1005; x_wconf 81' lang='lat' dir='ltr'>est,</span> <span class='ocrx_word' id='word_1_63' title='bbox 376 959 421 995; x_wconf 78' lang='lat' dir='ltr'>eo</span> <span class='ocrx_word' id='word_1_64' title='bbox 453 955 552 1007; x_wconf 73' lang='lat' dir='ltr'>quod</span> <span class='ocrx_word' id='word_1_65' title='bbox 569 954 661 994; x_wconf 81' lang='lat' dir='ltr'>fides</span> <span class='ocrx_word' id='word_1_66' title='bbox 681 961 798 995; x_wconf 81' lang='lat' dir='ltr'>vestra</span> <span class='ocrx_word' id='word_1_67' title='bbox 821 969 927 1008; x_wconf 91' lang='lat' dir='ltr'>supra</span> <span class='ocrx_word' id='word_1_68' title='bbox 944 955 1096 995; x_wconf 90' lang='lat' dir='ltr'>modum</span> <span class='ocrx_word' id='word_1_69' title='bbox 1127 961 1335 1004; x_wconf 84' lang='lat' dir='ltr'>accrescat,</span> 
     </span>
     <span class='ocr_line' id='line_1_13' title="bbox 81 1016 1324 1070; baseline -0.002 -11"><span class='ocrx_word' id='word_1_70' title='bbox 81 1025 117 1059; x_wconf 89' lang='lat' dir='ltr'>et</span> <span class='ocrx_word' id='word_1_71' title='bbox 138 1019 418 1069; x_wconf 81' lang='lat' dir='ltr'>uniuscujusque</span> <span class='ocrx_word' id='word_1_72' title='bbox 436 1016 599 1057; x_wconf 67' lang='lat' dir='ltr'>vestrum</span> <span class='ocrx_word' id='word_1_73' title='bbox 625 1017 779 1057; x_wconf 83' lang='lat' dir='ltr'>charitas</span> <span class='ocrx_word' id='word_1_74' title='bbox 791 1020 830 1057; x_wconf 89' lang='lat' dir='ltr'>in</span> <span class='ocrx_word' id='word_1_75' title='bbox 852 1019 1064 1070; x_wconf 82' lang='lat' dir='ltr'>proximum</span> <span class='ocrx_word' id='word_1_76' title='bbox 1082 1031 1190 1057; x_wconf 90' lang='lat' dir='ltr'>suum</span> <span class='ocrx_word' id='word_1_77' title='bbox 1209 1018 1324 1069; x_wconf 83' lang='lat' dir='ltr'>magis</span> 
     </span>
     <span class='ocr_line' id='line_1_14' title="bbox 79 1080 546 1133; baseline -0.009 -10"><span class='ocrx_word' id='word_1_78' title='bbox 79 1095 123 1122; x_wconf 80' lang='lat' dir='ltr'>ac</span> <span class='ocrx_word' id='word_1_79' title='bbox 141 1082 256 1133; x_wconf 85' lang='lat' dir='ltr'>magis</span> <span class='ocrx_word' id='word_1_80' title='bbox 274 1080 546 1132; x_wconf 79' lang='lat' dir='ltr'>multiplicetur.</span> 
     </span>
    </p>
   </div>
   <div class='ocr_carea' id='block_1_10' title="bbox 84 1171 1338 1346">
    <p class='ocr_par' dir='ltr' id='par_1_10' title="bbox 84 1171 1338 1346">
     <span class='ocr_line' id='line_1_15' title="bbox 135 1171 1338 1226; baseline 0 -11"><span class='ocrx_word' id='word_1_81' title='bbox 135 1172 247 1216; x_wconf 84' lang='lat' dir='ltr'>Adeo</span> <span class='ocrx_word' id='word_1_82' title='bbox 261 1180 300 1214; x_wconf 82' lang='lat' dir='ltr'>ut</span> <span class='ocrx_word' id='word_1_83' title='bbox 321 1180 357 1214; x_wconf 86' lang='lat' dir='ltr'>et</span> <span class='ocrx_word' id='word_1_84' title='bbox 375 1186 443 1213; x_wconf 91' lang='lat' dir='ltr'>nos</span> <span class='ocrx_word' id='word_1_85' title='bbox 459 1174 528 1226; x_wconf 89' lang='lat' dir='ltr'>ipsi</span> <span class='ocrx_word' id='word_1_86' title='bbox 558 1173 653 1225; x_wconf 90' lang='lat' dir='ltr'>apud</span> <span class='ocrx_word' id='word_1_87' title='bbox 671 1173 756 1213; x_wconf 90' lang='lat' dir='ltr'>alias</span> <span class='ocrx_word' id='word_1_88' title='bbox 777 1171 961 1213; x_wconf 85' lang='lat' dir='ltr'>Ecclesias</span> <span class='ocrx_word' id='word_1_89' title='bbox 982 1172 1054 1213; x_wconf 89' lang='lat' dir='ltr'>Dei</span> <span class='ocrx_word' id='word_1_90' title='bbox 1075 1174 1270 1225; x_wconf 84' lang='lat' dir='ltr'>gloriemur</span> <span class='ocrx_word' id='word_1_91' title='bbox 1288 1175 1338 1215; x_wconf 87' lang='lat' dir='ltr'>de</span> 
     </span>
     <span class='ocr_line' id='line_1_16' title="bbox 84 1234 1337 1291; baseline 0 -14"><span class='ocrx_word' id='word_1_92' title='bbox 84 1238 194 1277; x_wconf 87' lang='lat' dir='ltr'>vobis</span> <span class='ocrx_word' id='word_1_93' title='bbox 214 1236 261 1276; x_wconf 88' lang='lat' dir='ltr'>de</span> <span class='ocrx_word' id='word_1_94' title='bbox 280 1234 354 1275; x_wconf 84' lang='lat' dir='ltr'>fide</span> <span class='ocrx_word' id='word_1_95' title='bbox 372 1234 493 1275; x_wconf 71' lang='lat' dir='ltr'>vestra</span> <span class='ocrx_word' id='word_1_96' title='bbox 508 1266 518 1286; x_wconf 90' lang='lat'>,</span> <span class='ocrx_word' id='word_1_97' title='bbox 546 1241 582 1275; x_wconf 91' lang='lat' dir='ltr'>et</span> <span class='ocrx_word' id='word_1_98' title='bbox 601 1235 647 1275; x_wconf 90' lang='lat' dir='ltr'>de</span> <span class='ocrx_word' id='word_1_99' title='bbox 667 1234 788 1275; x_wconf 70' lang='lat' dir='ltr'>vestra</span> <span class='ocrx_word' id='word_1_100' title='bbox 805 1235 977 1287; x_wconf 71' lang='lat' dir='ltr'>patientia</span> <span class='ocrx_word' id='word_1_101' title='bbox 995 1238 1033 1275; x_wconf 90' lang='lat' dir='ltr'>in</span> <span class='ocrx_word' id='word_1_102' title='bbox 1051 1237 1224 1277; x_wconf 89' lang='lat' dir='ltr'>omnibus</span> <span class='ocrx_word' id='word_1_103' title='bbox 1245 1250 1337 1291; x_wconf 82' lang='lat' dir='ltr'>per·-</span> 
     </span>
     <span class='ocr_line' id='line_1_17' title="bbox 85 1298 880 1346; baseline -0.003 -5"><span class='ocrx_word' id='word_1_104' title='bbox 85 1300 334 1341; x_wconf 87' lang='lat' dir='ltr'>secutionibus</span> <span class='ocrx_word' id='word_1_105' title='bbox 355 1305 393 1339; x_wconf 88' lang='lat' dir='ltr'>et</span> <span class='ocrx_word' id='word_1_106' title='bbox 414 1298 707 1339; x_wconf 82' lang='lat' dir='ltr'>tribulationibus</span> <span class='ocrx_word' id='word_1_107' title='bbox 728 1303 880 1346; x_wconf 86' lang='lat' dir='ltr'>vestris;</span> 
     </span>
    </p>
   </div>
   <div class='ocr_carea' id='block_1_11' title="bbox 139 1377 1339 1433">
    <p class='ocr_par' dir='ltr' id='par_1_11' title="bbox 139 1377 1339 1433">
     <span class='ocr_line' id='line_1_18' title="bbox 139 1377 1339 1433; baseline 0 -12"><span class='ocrx_word' id='word_1_108' title='bbox 139 1378 242 1432; x_wconf 84' lang='lat' dir='ltr'>Quas</span> <span class='ocrx_word' id='word_1_109' title='bbox 259 1381 445 1433; x_wconf 88' lang='lat' dir='ltr'>patimini,</span> <span class='ocrx_word' id='word_1_110' title='bbox 466 1393 530 1420; x_wconf 92' lang='lat' dir='ltr'>seu</span> <span class='ocrx_word' id='word_1_111' title='bbox 547 1393 614 1420; x_wconf 84' lang='lat' dir='ltr'>vos</span> <span class='ocrx_word' id='word_1_112' title='bbox 635 1381 708 1432; x_wconf 85' lang='lat' dir='ltr'>pati</span> <span class='ocrx_word' id='word_1_113' title='bbox 727 1381 812 1419; x_wconf 86' lang='lat' dir='ltr'>sinit</span> <span class='ocrx_word' id='word_1_114' title='bbox 829 1377 956 1429; x_wconf 82' lang='lat' dir='ltr'>Deus,</span> <span class='ocrx_word' id='word_1_115' title='bbox 973 1387 1011 1420; x_wconf 89' lang='lat' dir='ltr'>ut</span> <span class='ocrx_word' id='word_1_116' title='bbox 1028 1382 1065 1420; x_wconf 91' lang='lat' dir='ltr'>in</span> <span class='ocrx_word' id='word_1_117' title='bbox 1082 1383 1189 1422; x_wconf 85' lang='lat' dir='ltr'>vobis</span> <span class='ocrx_word' id='word_1_118' title='bbox 1206 1387 1339 1421; x_wconf 90' lang='lat' dir='ltr'>osten-</span> 
     </span>
    </p>
   </div>
   <div class='ocr_carea' id='block_1_12' title="bbox 84 1438 1337 1557">
    <p class='ocr_par' dir='ltr' id='par_1_12' title="bbox 84 1438 1337 1557">
     <span class='ocr_line' id='line_1_19' title="bbox 84 1438 1337 1522; baseline 0 -38"><span class='ocrx_word' id='word_1_119' title='bbox 84 1443 146 1484; x_wconf 81' lang='lat' dir='ltr'>dat</span> <span class='ocrx_word' id='word_1_120' title='bbox 168 1446 302 1494; x_wconf 85' lang='lat' dir='ltr'>justum</span> <span class='ocrx_word' id='word_1_121' title='bbox 316 1457 421 1483; x_wconf 91' lang='lat' dir='ltr'>suum</span> <span class='ocrx_word' id='word_1_122' title='bbox 437 1444 475 1483; x_wconf 87' lang='lat' dir='ltr'>in</span> <span class='ocrx_word' id='word_1_123' title='bbox 490 1438 623 1494; x_wconf 82' lang='lat' dir='ltr'>impios</span> <span class='ocrx_word' id='word_1_124' title='bbox 640 1442 813 1494; x_wconf 88' lang='lat' dir='ltr'>judicium</span> <span class='ocrx_word' id='word_1_125' title='bbox 831 1442 1003 1522; x_wconf 84' lang='lat' dir='ltr'>futurum,</span> <span class='ocrx_word' id='word_1_126' title='bbox 1026 1451 1062 1484; x_wconf 90' lang='lat' dir='ltr'>et</span> <span class='ocrx_word' id='word_1_127' title='bbox 1087 1452 1126 1484; x_wconf 86' lang='lat' dir='ltr'>ut</span> <span class='ocrx_word' id='word_1_128' title='bbox 1144 1458 1212 1484; x_wconf 82' lang='lat' dir='ltr'>vos</span> <span class='ocrx_word' id='word_1_129' title='bbox 1222 1459 1337 1498; x_wconf 82' lang='lat' dir='ltr'>regno</span> 
     </span>
     <span class='ocr_line' id='line_1_20' title="bbox 84 1506 470 1557; baseline -0.005 -11"><span class='ocrx_word' id='word_1_130' title='bbox 84 1520 151 1546; x_wconf 85' lang='lat' dir='ltr'>suo</span> <span class='ocrx_word' id='word_1_131' title='bbox 159 1506 307 1557; x_wconf 83' lang='lat' dir='ltr'>dignos</span> <span class='ocrx_word' id='word_1_132' title='bbox 328 1506 470 1545; x_wconf 88' lang='lat' dir='ltr'>reddat.</span> 
     </span>
    </p>
   </div>
   <div class='ocr_carea' id='block_1_13' title="bbox 86 1564 1338 1681">
    <p class='ocr_par' dir='ltr' id='par_1_13' title="bbox 86 1564 1338 1681">
     <span class='ocr_line' id='line_1_21' title="bbox 143 1564 1338 1620; baseline 0.003 -13"><span class='ocrx_word' id='word_1_133' title='bbox 143 1565 332 1620; x_wconf 87' lang='lat' dir='ltr'>Siquidem</span> <span class='ocrx_word' id='word_1_134' title='bbox 351 1568 487 1617; x_wconf 88' lang='lat' dir='ltr'>justum</span> <span class='ocrx_word' id='word_1_135' title='bbox 503 1571 557 1605; x_wconf 86' lang='lat' dir='ltr'>est</span> <span class='ocrx_word' id='word_1_136' title='bbox 576 1578 698 1604; x_wconf 86' lang='lat' dir='ltr'>coram</span> <span class='ocrx_word' id='word_1_137' title='bbox 718 1564 804 1606; x_wconf 88' lang='lat' dir='ltr'>Deo</span> <span class='ocrx_word' id='word_1_138' title='bbox 823 1581 891 1607; x_wconf 83' lang='lat' dir='ltr'>vos</span> <span class='ocrx_word' id='word_1_139' title='bbox 907 1566 1152 1618; x_wconf 85' lang='lat' dir='ltr'>affligentibus</span> <span class='ocrx_word' id='word_1_140' title='bbox 1164 1567 1338 1610; x_wconf 80' lang='lat' dir='ltr'>afflictio—</span> 
     </span>
     <span class='ocr_line' id='line_1_22' title="bbox 86 1628 422 1681; baseline -0.009 -11"><span class='ocrx_word' id='word_1_141' title='bbox 86 1642 174 1670; x_wconf 86' lang='lat' dir='ltr'>nem</span> <span class='ocrx_word' id='word_1_142' title='bbox 189 1628 394 1681; x_wconf 84' lang='lat' dir='ltr'>rependere</span> <span class='ocrx_word' id='word_1_143' title='bbox 411 1644 422 1675; x_wconf 89' lang='lat'>;</span> 
     </span>
    </p>
   </div>
   <div class='ocr_carea' id='block_1_14' title="bbox 85 1704 1342 2012">
    <p class='ocr_par' dir='ltr' id='par_1_14' title="bbox 85 1704 1340 1942">
     <span class='ocr_line' id='line_1_23' title="bbox 138 1704 1338 1758; baseline 0.001 -10"><span class='ocrx_word' id='word_1_144' title='bbox 138 1704 259 1748; x_wconf 83' lang='lat' dir='ltr'>Vobis</span> <span class='ocrx_word' id='word_1_145' title='bbox 274 1712 395 1746; x_wconf 87' lang='lat' dir='ltr'>autem</span> <span class='ocrx_word' id='word_1_146' title='bbox 409 1704 551 1745; x_wconf 82' lang='lat' dir='ltr'>afflictis</span> <span class='ocrx_word' id='word_1_147' title='bbox 570 1705 777 1746; x_wconf 89' lang='lat' dir='ltr'>concedere</span> <span class='ocrx_word' id='word_1_148' title='bbox 793 1707 958 1758; x_wconf 88' lang='lat' dir='ltr'>requiem</span> <span class='ocrx_word' id='word_1_149' title='bbox 975 1735 987 1756; x_wconf 88' lang='lat'>‚</span> <span class='ocrx_word' id='word_1_150' title='bbox 1006 1719 1069 1745; x_wconf 88' lang='lat' dir='ltr'>seu</span> <span class='ocrx_word' id='word_1_151' title='bbox 1084 1706 1250 1746; x_wconf 86' lang='lat' dir='ltr'>solatium</span> <span class='ocrx_word' id='word_1_152' title='bbox 1266 1722 1338 1749; x_wconf 87' lang='lat' dir='ltr'>no-</span> 
     </span>
     <span class='ocr_line' id='line_1_24' title="bbox 85 1766 1340 1822; baseline 0.002 -13"><span class='ocrx_word' id='word_1_153' title='bbox 85 1770 229 1809; x_wconf 83' lang='lat' dir='ltr'>biscum</span> <span class='ocrx_word' id='word_1_154' title='bbox 247 1767 433 1822; x_wconf 86' lang='lat' dir='ltr'>Apostolis</span> <span class='ocrx_word' id='word_1_155' title='bbox 444 1798 454 1818; x_wconf 89' lang='lat'>‚</span> <span class='ocrx_word' id='word_1_156' title='bbox 473 1771 556 1807; x_wconf 76' lang='lat' dir='ltr'>cum</span> <span class='ocrx_word' id='word_1_157' title='bbox 573 1768 709 1809; x_wconf 83' lang='lat' dir='ltr'>scilicet</span> <span class='ocrx_word' id='word_1_158' title='bbox 724 1769 913 1822; x_wconf 86' lang='lat' dir='ltr'>apparebit</span> <span class='ocrx_word' id='word_1_159' title='bbox 930 1766 1115 1809; x_wconf 88' lang='lat' dir='ltr'>Dominus</span> <span class='ocrx_word' id='word_1_160' title='bbox 1128 1777 1254 1810; x_wconf 71' lang='lat' dir='ltr'>noster</span> <span class='ocrx_word' id='word_1_161' title='bbox 1265 1767 1340 1812; x_wconf 82' lang='lat' dir='ltr'>Je-</span> 
     </span>
     <span class='ocr_line' id='line_1_25' title="bbox 87 1828 1339 1884; baseline 0.002 -12"><span class='ocrx_word' id='word_1_162' title='bbox 87 1845 148 1872; x_wconf 89' lang='lat' dir='ltr'>sus</span> <span class='ocrx_word' id='word_1_163' title='bbox 166 1828 332 1872; x_wconf 86' lang='lat' dir='ltr'>Christus</span> <span class='ocrx_word' id='word_1_164' title='bbox 343 1859 355 1880; x_wconf 88' lang='lat'>‚</span> <span class='ocrx_word' id='word_1_165' title='bbox 386 1829 659 1883; x_wconf 82' lang='lat' dir='ltr'>descendetque</span> <span class='ocrx_word' id='word_1_166' title='bbox 691 1831 739 1872; x_wconf 90' lang='lat' dir='ltr'>de</span> <span class='ocrx_word' id='word_1_167' title='bbox 758 1831 851 1871; x_wconf 89' lang='lat' dir='ltr'>coelo</span> <span class='ocrx_word' id='word_1_168' title='bbox 885 1845 968 1871; x_wconf 91' lang='lat' dir='ltr'>cum</span> <span class='ocrx_word' id='word_1_169' title='bbox 997 1829 1151 1884; x_wconf 85' lang='lat' dir='ltr'>Angelis</span> <span class='ocrx_word' id='word_1_170' title='bbox 1164 1863 1176 1884; x_wconf 94' lang='lat'><strong>‚</strong></span> <span class='ocrx_word' id='word_1_171' title='bbox 1196 1835 1339 1875; x_wconf 86' lang='lat' dir='ltr'>virtutis</span> 
     </span>
     <span class='ocr_line' id='line_1_26' title="bbox 87 1895 376 1942; baseline -0.003 -9"><span class='ocrx_word' id='word_1_172' title='bbox 87 1907 161 1935; x_wconf 83' lang='lat' dir='ltr'>suae</span> <span class='ocrx_word' id='word_1_173' title='bbox 175 1895 350 1933; x_wconf 87' lang='lat' dir='ltr'>ministris</span> <span class='ocrx_word' id='word_1_174' title='bbox 366 1923 376 1942; x_wconf 82' lang='grc'>,</span> 
     </span>
    </p>

    <p class='ocr_par' dir='ltr' id='par_1_15' title="bbox 142 1954 1342 2012">
     <span class='ocr_line' id='line_1_27' title="bbox 142 1954 1342 2012; baseline 0.004 -16"><span class='ocrx_word' id='word_1_175' title='bbox 142 1954 188 1996; x_wconf 86' lang='lat' dir='ltr'>In</span> <span class='ocrx_word' id='word_1_176' title='bbox 208 1956 332 1997; x_wconf 90' lang='lat' dir='ltr'>medio</span> <span class='ocrx_word' id='word_1_177' title='bbox 349 1958 442 2009; x_wconf 75' lang='lat' dir='ltr'>ignis</span> <span class='ocrx_word' id='word_1_178' title='bbox 457 1956 618 1997; x_wconf 81' lang='lat' dir='ltr'>flammei</span> <span class='ocrx_word' id='word_1_179' title='bbox 629 1986 639 2005; x_wconf 84' lang='lat'><strong>‚</strong></span> <span class='ocrx_word' id='word_1_180' title='bbox 654 1956 828 1997; x_wconf 87' lang='lat' dir='ltr'>ultionem</span> <span class='ocrx_word' id='word_1_181' title='bbox 846 1957 999 1997; x_wconf 80' lang='lat' dir='ltr'>facturus</span> <span class='ocrx_word' id='word_1_182' title='bbox 1012 1958 1059 1998; x_wconf 89' lang='lat' dir='ltr'>de</span> <span class='ocrx_word' id='word_1_183' title='bbox 1078 1961 1120 1998; x_wconf 88' lang='lat' dir='ltr'>iis</span> <span class='ocrx_word' id='word_1_184' title='bbox 1140 1962 1201 2012; x_wconf 84' lang='lat' dir='ltr'>qui</span> <span class='ocrx_word' id='word_1_185' title='bbox 1217 1957 1342 2001; x_wconf 89' lang='lat' dir='ltr'>Deum</span> 
     </span>
    </p>
   </div>
   <div class='ocr_carea' id='block_1_15' title="bbox 87 2016 1342 2118">
    <p class='ocr_par' dir='ltr' id='par_1_16' title="bbox 87 2016 1342 2118">
     <span class='ocr_line' id='line_1_28' title="bbox 88 2016 1342 2072; baseline 0.003 -14"><span class='ocrx_word' id='word_1_186' title='bbox 88 2031 165 2058; x_wconf 88' lang='lat' dir='ltr'>non</span> <span class='ocrx_word' id='word_1_187' title='bbox 177 2023 381 2066; x_wconf 79' lang='lat' dir='ltr'>noverunt,</span> <span class='ocrx_word' id='word_1_188' title='bbox 402 2023 438 2056; x_wconf 79' lang='lat' dir='ltr'>et</span> <span class='ocrx_word' id='word_1_189' title='bbox 455 2017 502 2057; x_wconf 88' lang='lat' dir='ltr'>de</span> <span class='ocrx_word' id='word_1_190' title='bbox 520 2019 563 2057; x_wconf 90' lang='lat' dir='ltr'>iis</span> <span class='ocrx_word' id='word_1_191' title='bbox 583 2019 644 2070; x_wconf 88' lang='lat' dir='ltr'>qui</span> <span class='ocrx_word' id='word_1_192' title='bbox 665 2031 743 2057; x_wconf 91' lang='lat' dir='ltr'>non</span> <span class='ocrx_word' id='word_1_193' title='bbox 761 2019 940 2059; x_wconf 82' lang='lat' dir='ltr'>obediunt</span> <span class='ocrx_word' id='word_1_194' title='bbox 962 2016 1166 2072; x_wconf 83' lang='lat' dir='ltr'>Evangelio</span> <span class='ocrx_word' id='word_1_195' title='bbox 1187 2019 1342 2062; x_wconf 87' lang='lat' dir='ltr'>Domini</span> 
     </span>
     <span class='ocr_line' id='line_1_29' title="bbox 87 2074 497 2118; baseline 0 -2"><span class='ocrx_word' id='word_1_196' title='bbox 87 2079 202 2118; x_wconf 90' lang='lat' dir='ltr'>nostri</span> <span class='ocrx_word' id='word_1_197' title='bbox 225 2074 318 2117; x_wconf 88' lang='lat' dir='ltr'>Jesu</span> <span class='ocrx_word' id='word_1_198' title='bbox 348 2074 497 2117; x_wconf 87' lang='lat' dir='ltr'>Christi.</span> 
     </span>
    </p>
   </div>
   <div class='ocr_carea' id='block_1_16' title="bbox 103 2168 1344 2229">
    <p class='ocr_par' dir='ltr' id='par_1_17' title="bbox 103 2168 1344 2229">
     <span class='ocr_line' id='line_1_30' title="bbox 103 2168 1344 2229; baseline 0.007 -21"><span class='ocrx_word' id='word_1_199' title='bbox 103 2168 220 2228; x_wconf 64' lang='lat' dir='ltr'>—Qui</span> <span class='ocrx_word' id='word_1_200' title='bbox 240 2183 367 2222; x_wconf 86' lang='lat' dir='ltr'>poenas</span> <span class='ocrx_word' id='word_1_201' title='bbox 381 2170 480 2210; x_wconf 87' lang='lat' dir='ltr'>luent</span> <span class='ocrx_word' id='word_1_202' title='bbox 495 2199 507 2220; x_wconf 94' lang='lat'>,</span> <span class='ocrx_word' id='word_1_203' title='bbox 529 2172 713 2212; x_wconf 88' lang='lat' dir='ltr'>interitum</span> <span class='ocrx_word' id='word_1_204' title='bbox 737 2173 874 2213; x_wconf 88' lang='lat' dir='ltr'>scilicet</span> <span class='ocrx_word' id='word_1_205' title='bbox 890 2181 1068 2215; x_wconf 87' lang='lat' dir='ltr'>aeternum</span> <span class='ocrx_word' id='word_1_206' title='bbox 1086 2206 1098 2226; x_wconf 92' lang='lat'>‚</span> <span class='ocrx_word' id='word_1_207' title='bbox 1120 2190 1231 2229; x_wconf 91' lang='lat' dir='ltr'>quem</span> <span class='ocrx_word' id='word_1_208' title='bbox 1249 2190 1344 2229; x_wconf 91' lang='lat' dir='ltr'>pro-</span> 
     </span>
    </p>
   </div>
   <div class='ocr_carea' id='block_1_17' title="bbox 24 2230 1342 2349">
    <p class='ocr_par' dir='ltr' id='par_1_18' title="bbox 24 2230 1342 2349">
     <span class='ocr_line' id='line_1_31' title="bbox 24 2230 1342 2293; baseline 0.008 -21"><span class='ocrx_word' id='word_1_209' title='bbox 24 2288 27 2291; x_wconf 15' lang='lat'><em>*</em></span> <span class='ocrx_word' id='word_1_210' title='bbox 90 2233 270 2272; x_wconf 84' lang='lat' dir='ltr'>nuntiabit</span> <span class='ocrx_word' id='word_1_211' title='bbox 292 2245 334 2270; x_wconf 93' lang='lat' dir='ltr'>os</span> <span class='ocrx_word' id='word_1_212' title='bbox 364 2230 542 2283; x_wconf 86' lang='lat' dir='ltr'>Domini,</span> <span class='ocrx_word' id='word_1_213' title='bbox 575 2242 612 2275; x_wconf 91' lang='lat' dir='ltr'>et</span> <span class='ocrx_word' id='word_1_214' title='bbox 642 2243 864 2288; x_wconf 82' lang='lat' dir='ltr'>exsequetur</span> <span class='ocrx_word' id='word_1_215' title='bbox 894 2239 1086 2290; x_wconf 83' lang='lat' dir='ltr'>magnifica</span> <span class='ocrx_word' id='word_1_216' title='bbox 1111 2241 1224 2280; x_wconf 80' lang='lat' dir='ltr'>virtus</span> <span class='ocrx_word' id='word_1_217' title='bbox 1241 2243 1342 2293; x_wconf 85' lang='lat' dir='ltr'>ejus,</span> 
     </span>
     <span class='ocr_line' id='line_1_32' title="bbox 90 2293 993 2349; baseline 0.003 -15"><span class='ocrx_word' id='word_1_218' title='bbox 90 2307 155 2334; x_wconf 80' lang='lat' dir='ltr'>seu</span> <span class='ocrx_word' id='word_1_219' title='bbox 172 2293 327 2347; x_wconf 81' lang='lat' dir='ltr'>gloriosa</span> <span class='ocrx_word' id='word_1_220' title='bbox 347 2299 383 2333; x_wconf 87' lang='lat' dir='ltr'>et</span> <span class='ocrx_word' id='word_1_221' title='bbox 400 2294 568 2334; x_wconf 88' lang='lat' dir='ltr'>terribilis</span> <span class='ocrx_word' id='word_1_222' title='bbox 586 2295 677 2336; x_wconf 90' lang='lat' dir='ltr'>illius</span> <span class='ocrx_word' id='word_1_223' title='bbox 695 2299 962 2349; x_wconf 84' lang='lat' dir='ltr'>omnipotentia</span> <span class='ocrx_word' id='word_1_224' title='bbox 983 2313 993 2337; x_wconf 71' lang='grc' dir='ltr'><strong><em>ι</em></strong></span> 
     </span>
    </p>
   </div>
  </div>
 </body>
</html>
