1462 2540
388 82 591 148 quamn-‘x
617 101 834 132 exposmo.
862 87 1053 142 Cap.11.
1115 64 1122 67 ,
1175 134 1180 138 ,
1273 89 1357 140 ²4⁷

165 160 293 216 ‚Iussit
288 161 451 211 docem
466 160 680 212 praedicare,
704 174 779 200 non
798 163 972 204 scribere.

166 223 219 266 D.
229 221 362 264 Paulus
377 236 463 270 ore,
486 236 563 263 non
573 224 734 275 scripto,
751 219 926 263 docuerat
941 220 1185 263 Timotheum
1196 219 1355 275 etalios,

110 291 153 331 ut
166 297 219 323 ex
235 281 314 324 hoo
322 281 502 326 versiculo
521 287 631 333 patet.
673 310 682 319 ,

169 344 264 395 Quoe
287 344 429 381 audisti
453 345 478 380 ὰ
496 357 581 390 me,
601 350 672 383 etc.
693 340 806 392 Quod
823 355 888 381 ore
915 341 1108 381 tradiderat
1126 342 1187 388 ei,
1213 340 1293 385 ΝΕ
1316 347 1361 382 nt:

109 403 334 445 Timotheus
361 404 437 443 aliis
463 406 626 445 vicissim
654 417 720 444 ore
742 403 880 451 tradat,
914 405 975 455 qui
993 409 1031 442 et
1060 404 1134 442 suis
1162 401 1263 441 idem
1290 415 1360 441 ore

113 468 255 513 tradant
270 468 550 509 suecessoribus.

168 526 333 567 Traditio
352 531 470 579 itaque
487 531 599 580 prima
618 527 685 579 [uit
696 557 708 577 ‚
728 534 765 567 et
780 528 983 579 aliquandiu
999 530 1103 567 unica
1118 528 1206 567 fidei
1220 527 1362 578 regula.
1392 535 1394 537 '

165 589 268 630 Hinc
286 591 540 635 observanda,
562 597 599 630 et
619 593 657 629 in
673 590 792 629 dubiis
803 590 1025 629 consulenda
1041 589 1206 636 traditio,
1229 596 1265 628 et
1279 601 1357 627 non

113 654 256 690 tantum
274 649 469 702 Scriptura.

163 709 282 750 Porro
293 710 388 750 hanc
411 712 486 749 divi
506 707 608 748 Pauli
623 709 669 747 ad
685 703 984 751 Timotheumff.
1005 725 1042 750 ι.
1059 710 1358 750 exhortationem

106 777 147 811 et
171 777 364 822 sequentes
394 770 544 821 applicet
574 769 643 808 sibi
674 769 823 819 quilibet
846 767 981 810 Christi
1002 773 1184 822 minister,
1212 774 1289 811 imo
1318 778 1358 812 et

107 831 260 882 quilibet
280 829 527 879 Christianus,
552 832 650 880 juxta
666 835 797 868 statum
812 844 930 870 suum.

169 895 224 933 Tu
240 909 324 943 ergo
337 922 350 940 ,
358 892 432 944 fili
441 896 496 932 mi
506 921 520 938 ‚
543 894 643 934 fortis
660 901 740 934 esto
752 923 763 940 ,
779 897 922 934 animos
938 908 1081 935 assume
1097 895 1143 934 ad
1157 900 1218 934 tua
1229 897 1354 935 munia

118 969 145 994 n
158 961 249 994 statu
266 962 332 994 tuo
339 958 485 994 strenue
497 954 667 993 obeunda
678 968 741 1004 per
755 958 904 1006 gratiam
914 957 999 1004 tihi,
1018 970 1081 996 seu
1098 959 1135 995 in
1145 953 1353 1008 Baptismo,

109 1029 174 1055 seu
194 1019 232 1055 in
250 1015 519 1063 Ordinatione
537 1029 602 1054 seu
625 1018 662 1054 in
682 1013 940 1064 Matrimonia,
959 1017 1010 1054 ob
1037 1015 1222 1056 chrestum
1237 1017 1356 1056 colla-

110 1081 211 1124 tam,
229 1083 267 1115 et
294 1090 357 1127 per
373 1079 521 1127 gratiam
550 1078 614 1115 tibi
640 1078 676 1115 in
694 1079 885 1116 occasione
906 1076 1085 1125 dandam,
1107 1083 1146 1116 et
1159 1076 1205 1116 ad
1221 1091 1353 1128 quam,

107 1137 148 1175 vi
163 1140 381 1176 sacramenti
397 1139 557 1187 recepti,
580 1139 637 1187 jus
658 1136 787 1177 habes-

163 1194 274 1236 Hanc
310 1211 398 1246 ora,
437 1198 532 1238 hanc
563 1204 669 1249 pete,
702 1197 885 1236 humiliter
915 1205 953 1237 et
990 1212 1073 1238 cum
1102 1194 1255 1247 fiducia,
1290 1210 1362 1249 per

108 1253 294 1296 Christum
312 1228 550 1298 mediatorem
568 1266 746 1298 nostrum.

163 1319 301 1370 Aspice
314 1317 443 1359 Jesum
456 1349 466 1365 ‚
490 1333 631 1359 recurre
644 1319 690 1358 ad
705 1302 834 1358 Jesurn
846 1348 854 1363 ,
873 1321 1020 1370 gratiam
1036 1326 1120 1371 pete
1131 1332 1196 1371 per
1209 1317 1355 1358 Jesum.

165 1378 328 1421 Gratiam
346 1396 428 1432 qua
443 1379 499 1420 es't
517 1384 555 1419 in
577 1379 725 1419 Christo
743 1380 847 1420 lesu.

167 1440 257 1480 Hoc
275 1442 477 1492 emphasim
493 1442 617 1480 habet.
634 1440 798 1480 Christus
815 1443 923 1481 nobis
945 1443 1025 1482 fons
1052 1450 1107 1482 est
1133 1444 1284 1493 gratiae.
1275 1456 1283 1463 ·
1307 1441 1359 1479 de

107 1501 216 1551 cujus
230 1503 458 1562 plenitudine
477 1517 543 1540 nos
556 1517 685 1540 omnes
701 1504 920 1552 accipimus.

162 1548 352 1599 Ad‘hunc
369 1575 455 1612 ergo
474 1566 600 1612 gratiae
617 1560 754 1600 sontem
784 1575 950 1610 recurre,
976 1561 1061 1600 hnic
1090 1561 1181 1600 sonu
1197 1562 1356 1613 teipsum

105 1622 168 1658 uui
186 1621 291 1668 fide,
309 1622 505 1671 charitate,
524 1630 561 1660 ut
583 1624 619 1660 in
636 1629 735 1660 tuum
752 1636 833 1662 sese
852 1625 972 1662 sinum
987 1622 1162 1663 effundat.

161 1679 207 1726 Ῡ.
222 1683 260 1723 3.
282 1685 423 1722 sobora
441 1686 535 1721 sicut
558 1685 673 1721 bonus
686 1685 803 1722 miles.
997 1689 1005 1695 ’

165 1746 323 1782 labora.
349 1742 417 1784 Gr.
437 1740 725 1785 κακοπάθεπν,
756 1743 846 1784 mala
870 1751 1015 1796 patere,
1041 1744 1128 1784 dura
1156 1743 1275 1793 ferto,
1312 1745 1355 1782 in

103 1805 268 1844 adversis
286 1805 478 1843 obdurare.

159 1863 267 1904 Sicut
285 1867 411 1905 bonus.
425 1863 489 1905 Gr.
507 1866 669 1914 pulcher,
690 1868 877 1915 praeclarus
893 1867 998 1906 miles
1017 1865 1104 1906 Jesu
1120 1864 1270 1919 Christi.

161 1929 278 1981 Quasi
297 1931 455 1991 dicer-etr
475 1929 664 1970 Praeclarae
681 1930 770 1971 Jesu
800 1930 937 1971 Christi
967 1932 1103 1971 militiae
1121 1944 1257 1970 nomen
1275 1929 1352 1969 de-

105 1993 212 2035 disti:

162 2055 317 2094 Militum
335 2065 456 2096 autem
475 2065 527 2096 est
547 2063 647 2109 grate
669 2067 706 2098 et
728 2060 880 2098 libenter
898 2058 990 2098 ferre
1007 2058 1166 2104 tabores3
1186 2059 1262 2096 imo
1277 2056 1354 2101 ‹lo-,-

106 2114 181 2152 lere
198 2119 284 2153 'cum
307 2130 379 2155 non
401 2118 596 2156 laborant:

161 2173 222 2213 Tu
237 2188 343 2225 erg0,
365 2178 394 2215 6
407 2179 574 2226 praeclare
598 2177 733 2218 Christi
751 2181 854 2219 miles
867 2210 879 2228 ‚
899 2181 968 2218 sub
986 2186 1086 2219 tanto
1106 2179 1199 2218 duce
1216 2177 1357 2218 sortiter

113 2235 403 2285 adversatam,
437 2246 472 2278 et
499 2242 535 2278 in
558 2241 742 2280 laboribus
773 2242 979 2280 obdurare:
1011 2241 1092 2280 sorti
1111 2240 1203 2280 seras
1231 2242 1358 2279 animo

106 2298 291 2349 quidquid
312 2297 500 2352 Evangelii
523 2304 627 2341 causa
647 2302 901 2352 perferendum
917 2305 1083 2343 occurrit.
