1462 2540
336 133 340 135 -
407 108 590 152 ποιεῖ’
612 120 840 150 zxposmo.
869 107 963 158 Cap.
992 103 1060 149 11.
1150 134 1154 135 ν
1279 105 1367 156 245

109 184 199 222 vete
216 187 300 222 sunt
321 181 393 219 sui.
405 177 612 218 Secundam
629 193 640 216 z
676 176 849 216 Discedat
877 179 924 216 ab
943 179 1130 227 iniquitate
1143 206 1156 227 ,
1179 178 1352 226 justitiam

111 247 203 284 vero
218 249 385 295 operetur
400 243 521 280 omnis
539 243 599 293 qui
617 244 706 280 vere
721 238 946 279 Christianus
963 247 1032 280 est.

170 317 244 368 (Et
258 313 311 358 ne
329 319 469 357 mireris
487 319 517 356 si
547 319 607 369 qui
633 320 707 356 sint
726 318 820 356 inter
839 314 1066 356 Christianos
1089 315 1298 362 non-sancti
1315 320 1356 354 et

49 387 51 389 ’
111 391 189 417 non
214 376 391 423 fideles);
415 389 500 413 nam
521 377 559 414 in
578 372 739 415 Ecclesia
754 403 766 422 ‚
794 377 882 414 sicut
914 378 950 413 in
979 374 1106 426 magna
1127 374 1261 422 domo,
1277 385 1355 412 non

114 440 231 479 solum
249 443 334 478 sunt
352 451 436 476 vasa
456 451 561 477 aurea
578 443 616 476 et
635 444 804 487 argentea
817 466 827 483 ,
852 437 888 475 id
911 444 963 476 est
978 467 988 484 ,
1011 436 1180 476 homines
1197 435 1291 475 finni
1303 453 1307 458 ·
1321 442 1361 475 et

114 501 269 539 illustres
290 501 327 538 in
349 499 423 538 fide
443 505 478 539 et
502 490 658 547 iustitiaz
679 499 744 538 sed
766 502 874 538 etiam
895 498 1009 549 lignea
1033 504 1071 538 et
1085 504 1262 545 testacea,
1280 496 1361 536 ho·-

113 563 233 601 mines
251 560 414 612 vulgares
428 589 438 607 .‚
462 559 603 610 fragiles
620 566 655 599 et
675 560 804 599 infirmi
822 562 859 598 in
874 559 946 598 fide
961 566 998 598 et
1015 562 1052 597 in
1075 560 1247 598 moribus.

172 621 352 673 Quaedam
382 637 430 662 ex
459 624 618 674 utrisque
653 630 732 662 sunt
766 622 975 662 honorificis
1006 625 1129 661 usibus
1159 622 1327 670 deputata
1344 635 1354 665 ς

112 683 283 734 quaedam
299 683 430 721 vilibus
446 685 652 722 ministeriis
665 683 838 722 destinata
857 697 867 720 τ
885 696 962 722 non
976 685 1105 722 mirum
1121 694 1208 731 ergo
1226 681 1257 719 si
1273 693 1360 719 sor-

119 744 274 783 descant
294 751 328 781 et
347 743 551 792 frangamur
563 743 683 793 aliqui.

168 802 238 852 (In
266 803 335 842 hac
352 803 583 843 similitudine
604 810 658 842 est
678 805 834 842 maxima
851 803 931 842 haec
952 801 1202 841 dissimilitudo
1215 829 1226 846 ‚
1261 798 1363 850 qnod

115 866 364 915 metaphorica
384 878 468 903 vasa
487 865 566 903 talia
584 872 642 903 aut
665 864 743 903 talia
765 878 837 903 non
860 867 931 903 sint
947 867 967 902 a
994 863 1134 910 natura,
1156 861 1222 901 sed
1241 863 1261 899 a
1286 874 1362 900 vo·-

119 925 280 971 luntate)
302 940 311 962 :
329 926 357 963 si
378 928 458 975 quis
478 938 563 974 ergo
578 924 806 963 sordidorum
837 939 877 963 se
891 955 900 972 ‚
926 923 995 962 Dei
1024 922 1153 974 gratia,
1186 919 1359 960 emunda·

119 988 244 1024 verita
262 992 490 1035 peccatorum
508 998 652 1023 suorum
666 984 854 1026 sordibus.
874 985 938 1023 fiet
954 998 1018 1023 vas
1037 985 1254 1030 honvstum,
1273 996 1361 1022 con-
1388 1023 1393 1029 .

120 1055 299 1087 sectatum
314 1077 325 1095 ‚
346 1049 471 1086 usibus
487 1045 638 1086 Domini
657 1047 934 1085 accommodum
952 1051 988 1085 et
999 1045 1171 1084 idoneum
1190 1044 1235 1082 ad
1252 1057 1365 1082 omne

122 1108 262 1146 bonurn
280 1121 383 1157 opus.
873 1105 880 1111 '

179 1165 448 1206 Adolescentia!
477 1167 689 1218 cupiditates
718 1166 819 1213 fuge3
854 1173 991 1204 sectare
1017 1168 1105 1203 verb
1137 1164 1367 1202 sanctitatem

122 1226 232 1268 vitae.
253 1224 364 1263 fidem
382 1228 430 1262 >in
451 1226 590 1262 verbis.
624 1224 834 1263 charitatem
856 1239 939 1275 erga
965 1237 1116 1272 omnes,
1139 1236 1264 1275 pacem
1282 1235 1367 1261 cum

123 1286 295 1325 omnibus
312 1288 452 1325 sincere
473 1283 702 1324 Christianis.

178 1365 325 1418 [neptas
354 1374 390 1406 et
407 1368 603 1406 ineruditas
629 1371 850 1416 quaestiones
879 1382 1035 1418 respue;
1061 1371 1130 1406 scis
1157 1368 1255 1405 enim
1284 1368 1369 1419 quia

122 1428 204 1466 lites
222 1434 259 1466 et
282 1430 392 1477 jurgia
412 1431 565 1478 pariunt.

181 1502 404 1543 Christianus
431 1510 571 1547 autem,
602 1499 735 1540 Christi
776 1501 923 1542 Domini
959 1518 1112 1551 servus,
1153 1504 1259 1542 rixari
1291 1516 1369 1541 non

124 1566 263 1611 ‹lebet;
287 1566 351 1606 sed
373 1579 456 1616 erga
472 1578 600 1603 omnes
625 1563 829 1605 mansuetus
846 1581 925 1605 esse
940 1596 950 1612 ,
975 1572 1113 1616 paratus
1137 1565 1182 1604 ad
1207 1579 1270 1605 eos
1293 1565 1372 1604 do-

127 1626 286 1666 cendum
299 1655 309 1673 ‚
334 1626 506 1665 malorum
526 1624 681 1662 tolerans
698 1641 706 1667 ;

182 1684 276 1724 Cum
294 1684 567 1723 mansuetudine
588 1684 757 1722 erudiens
775 1696 838 1721 eos
859 1687 919 1734 qui
936 1683 980 1722 de
995 1686 1147 1722 veritate
1164 1683 1263 1734 aliter
1278 1696 1370 1722 sen-

127 1749 217 1785 tiunt
247 1753 355 1797 quam
388 1761 474 1790 nos;
512 1746 683 1785 tentando
715 1749 744 1784 si
769 1745 884 1790 forte,
920 1759 981 1796 per
1014 1746 1235 1794 doctrinam,
1270 1742 1373 1784 Deus

128 1808 276 1856 inspiret
307 1807 368 1845 illis
393 1809 662 1858 poenitentiam,
686 1814 724 1845 ut
752 1811 961 1855 perveniant
982 1807 1028 1847 ad
1053 1809 1275 1857 agnitionem
1295 1818 1371 1844 ve-

127 1868 262 1911 ritatis;

183 1927 315 1980 Sicque
341 1929 386 1967 ad
411 1942 535 1967 sanam
564 1934 727 1966 mentem
759 1929 930 1974 redeant,
974 1935 1009 1967 et
1040 1927 1195 1968 evadant
1225 1928 1375 1980 laqueos

129 1988 275 2034 diaboli,
298 1993 318 2028 a
335 2004 406 2040 quo
429 1991 561 2041 captivi
582 1995 752 2027 tenentur
768 1990 810 2027 ad
825 1991 934 2040 ipsius
951 1988 1194 2039 voluntatem,
1212 1988 1376 2037 (diaboli

130 2049 263 2088 scilicet
279 2077 290 2096 ,
310 2053 348 2088 in
368 2052 468 2098 cujus
484 2056 567 2089 sunt
584 2056 762 2101 potestate
776 2079 785 2095 ,
808 2059 955 2101 propter
976 2049 1162 2100 peccata).
