1448 2540
234 119 237 121 ¹
300 107 302 109 .
340 99 368 114 v.
434 73 624 106 *wrm
654 57 1012 111 mosnrmGap.
1033 58 1068 99 I.
1311 71 1313 73 ’
1332 68 1359 109 7

155 137 428 192 Superata-1⁵1,
456 141 544 175 nota
567 132 816 174 hoc-verbum
831 160 844 179 ,
878 129 1074 170 altitudinis
1087 125 1283 170 ex'cessnm
1300 129 1361 168 in·-

105 201 228 250 ὕοι,
245 203 297 242 ait
311 198 621 252 Theophylactus
641 210 690 237 ex
707 202 836 236 sancto
855 193 1137 247 chrysostomo.

157 262 443 311 ltoesaecutum,
463 263 537 301 vita
556 272 728 312 praesens,
750 263 805 296 est
828 259 943 297 instar
962 258 1070 296 maris
1087 272 1096 295 :
1113 258 1215 306 saepe
1234 256 1361 294 irruun

101 326 228 374 venti,
260 325 302 365 fit
329 330 526 376 tempestas
541 352 553 370 ‚
573 321 778 361 attolluntur
795 320 912 359 crebri
931 325 969 358 et
988 318 1094 358 densi
1124 317 1268 358 fluctus,
1294 314 1360 357 Ad

101 389 221 430 fidem
235 401 382 428 recurre
399 401 408 424 :
425 385 482 425 illa
498 386 546 424 sit
562 385 629 423 tibi
643 385 754 423 instar
775 383 926 426 montis,
945 380 1044 431 quod
1061 379 1202 432 fugiens
1217 409 1230 428 ‚
1246 379 1362 418 inun-

102 451 291 492 dationem
322 449 567 490 tentationum
596 458 767 498 superes,
790 450 877 483 tunc
895 449 1145 496 supercrescat
1163 441 1258 482 fides
1276 447 1357 488 tna,

103 515 276 557 fluetibus
287 514 392 555 altior
407 514 488 559 fiat,
510 514 636 562 sicque
653 524 730 550 non
746 510 1008 560 submergeris.

162 578 217 631 Ϊ.
233 579 356 629 41oe
376 586 419 618 ut
436 584 477 616 et
499 590 566 615 nos
582 574 657 628 ipsi
673 576 712 614 in
731 575 836 614 vobis
850 574 1093 624 gloriemur...

158 641 251 683 Non
269 644 427 682 tristatur
440 669 452 690 ‚
473 654 549 679 non
569 639 670 678 dolet
685 667 698 687 ‚
718 651 794 677 non
814 637 1028 676 lamentatur
1046 632 1180 674 Paulus
1197 631 1246 671 ob
1262 630 1364 671 side-

84 711 196 751 ·lium
212 707 485 748 tribulationes:
505 705 572 745 sed
594 718 663 757 pro
679 703 820 743 illorum
842 702 1017 756 patientia
1029 699 1112 741 Deo
1131 696 1361 750 gratiasagir‚

110 778 150 812 et
165 770 261 824 apud
278 771 362 812 alias
374 767 557 810 Ecclesias
576 770 626 808 ob
640 767 734 807 illam
746 767 928 819 gloriatur.

158 831 455 874 Discamus'hinc
469 837 505 872 et
521 844 589 870 nos
613 829 771 881 gaudere
794 835 833 868 et
848 827 993 880 gloriari
1011 827 1049 865 in
1068 820 1364 865 tribulationibus

82 923 86 928 -
102 897 239 936 nostris
252 910 264 934 τ
279 897 416 948 quippe
435 907 521 947 quae
545 893 736 941 indicium,
754 893 918 931 ostensio
935 896 972 930 et
990 887 1255 927 demonstratio
1276 887 1365 923 sunt

102 958 190 1007 justi
207 957 331 1006 judieii
352 971 428 1008 quo
443 956 547 997 Deus
570 970 638 996 nos
654 969 770 1007 regno
789 969 855 995 suo
871 954 1002 1005 dignos
1017 951 1138 992 reddit
1161 956 1196 989 et
1215 947 1365 998 judicat.

160 1010 210 1057 Ῠ.
237 1017 280 1056 5-
312 1018 361 1055 In
398 1017 611 1068 exemplum
634 1015 734 1066 justi
752 1015 895 1067 judicii
910 1015 1037 1053 Der'....
1061 1017 1117 1051 est
1138 1008 1306 1061 quaedam
1326 1008 1368 1046 in

106 1083 213 1119 textu
229 1078 410 1122 varietas;
437 1074 588 1116 Graems
608 1079 707 1115 enirn
733 1082 878 1122 textus,
898 1075 995 1114 facto
1018 1079 1155 1124 puncto
1174 1077 1256 1124 post
1272 1082 1382 1110 ver--

110 1143 207 1182 bum
236 1141 450 1187 sustinetis,
475 1138 588 1179 habet
613 1133 814 1190 ’ἑνέειγμοι
834 1134 900 1176 τῆς
918 1132 1084 1175 simiae
1110 1133 1290 1185 κρισέως,
1305 1138 1366 1172 etc

107 1201 287 1241 indicium
308 1207 446 1242 certum
466 1203 550 1252 justi
569 1201 691 1251 judicii
706 1198 792 1249 Dei,
807 1200 853 1240 ad
862 1197 993 1252 dignos
1006 1200 1148 1239 censeri
1165 1210 1232 1238 vos
1247 1208 1390 1249 regno-2

106 1260 207 1310 Dei;
231 1266 330 1304 etita
347 1265 457 1303 etiam
471 1263 557 1315 legit
576 1262 626 1303 D.
647 1261 958 1317 Chrysostomus.

161 1322 318 1376 Vulgata
330 1327 422 1364 vero
442 1330 567 1363 nostra
582 1324 694 1365 babet
718 1328 799 1364 sine
821 1332 959 1378 puncto
972 1354 982 1370 ,
1011 1338 1104 1376 quas
1120 1327 1309 1366 sustinetis
1322 1320 1363 1367 ira

104 1388 320 1446 exemp-ilum
323 1416 388 1429 .....
406 1386 493 1440 legit
514 1395 640 1428 noster
665 1390 845 1441 interpres
860 1420 870 1438 ‚
888 1382 1169 1441 ’έιςῖνέειγμοη
1191 1391 1239 1428 ita
1252 1391 1364 1432 etiam

104 1450 192 1503 tegit
212 1449 325 1504 Syrus
338 1479 349 1499 ‚
370 1452 446 1490 imo
462 1457 501 1490 et
521 1449 839 1504 Theophylactus.

161 1510 283 1562 Major
299 1519 355 1552 est
368 1514 407 1552 in
423 1513 643 1565 explicando
661 1521 764 1555 textu
788 1518 957 1565 varietas,
974 1517 1023 1556 ob
1036 1530 1143 1568 quarn
1157 1515 1363 1570 aliquandiu

37 1618 45 1625 ,
105 1574 297 1622 haesitavi:
314 1575 464 1616 tandem
483 1575 575 1615 mihi
595 1583 739 1616 textum
774 1576 930 1628 legenti,
950 1578 1127 1630 relegenti
1154 1585 1190 1618 et
1220 1578 1267 1618 ad
1289 1591 1363 1618 se-

105 1638 254 1689 quentia
273 1637 491 1688 attendenti,
508 1641 665 1678 occurrit
684 1638 881 1692 explicatio
904 1653 1011 1692 quam
1030 1639 1230 1680 naturalem
1247 1645 1336 1692 puto
1346 1668 1363 1695 ,K

105 1705 146 1739 et
159 1705 214 1757 est
231 1712 390 1751 sequens
406 1714 417 1738 :

162 1761 274 1815 Quas
285 1765 476 1803 sustinetis
493 1765 534 1804 in
560 1767 772 1817 exemplum
791 1765 894 1817 justi
912 1765 1055 1818 judicii
1084 1766 1192 1806 Dei...
1214 1765 1253 1806 id
1274 1771 1359 1815 est,

35 1854 41 1859 .
104 1839 194 1878 quas
220 1827 411 1877 patimini,
442 1841 507 1868 seu
534 1842 622 1879 quas
648 1830 733 1868 sinit
751 1842 820 1868 vos
840 1830 935 1880 pati,
954 1830 1048 1868 utin
1065 1829 1172 1868 vobis
1189 1827 1359 1868 ostendat

88 1890 238 1939 *justum
252 1893 414 1930 suumin
431 1893 564 1944 impios
581 1891 739 1932 futurum
754 1892 943 1942 judicium.

164 1953 218 1992 Ut
231 1954 338 2004 digai
361 1955 582 1995 habeamini
605 1956 645 1994 in
673 1967 782 2006 regno
812 1957 909 2007 Dei,
931 1955 969 1996 id
988 1962 1063 2006 est,
1082 1962 1118 1997 et
1136 1961 1175 1996 ut
1202 1969 1271 1996 vos
1290 1970 1357 1997 suo
1409 1980 1412 1982 -

99 2029 216 2069 regno
234 2017 365 2069 dignos
381 2018 523 2059 reddat.

161 2075 207 2118 In
226 2077 285 2118 his
307 2081 429 2132 itaque
450 2080 575 2120 verbis
601 2079 693 2120 duos
724 2085 812 2132 puto
830 2079 1012 2131 designari
1038 2080 1159 2119 :fines
1183 2079 1233 2118 ob
1264 2091 1358 2130 quos

98 2133 209 2178 Deus
219 2140 306 2179 sinit
319 2141 440 2181 bonos
458 2144 480 2181 ὲ
500 2140 604 2181 malis
623 2140 738 2193 affligi
755 2156 764 2179 :
780 2141 915 2181 scilicet
928 2171 943 2192 ,
963 2147 1001 2180 ut
1020 2143 1060 2181 in
1075 2142 1258 2180 bonorum
1274 2153 1358 2192 pu·-

14 2198 30 2250 Ϊ
100 2201 246 2240 uitione
267 2197 370 2241 Deus
416 2203 647 2244 demonstret
675 2195 923 2256 praejudiciurn
953 2205 1008 2242 sui
1032 2202 1140 2242 futuri
1157 2204 1197 2242 in
1221 2203 1357 2254 impios

13 2255 35 2290 ⁸³.
98 2261 223 2313 indicii
236 2291 248 2312 ‚
270 2269 307 2303 et
326 2270 365 2303 ut
384 2265 470 2314 justi
488 2279 555 2318 per
580 2267 790 2318 patientiam
806 2271 1015 2305 mereantur
1029 2278 1183 2317 regnum
1201 2265 1353 2319 patien-

25 2325 29 2330 ⁴
104 2322 201 2363 tibus
216 2326 447 2376 promissum.
