1448 2540
377 93 551 126 unm
567 93 794 124 amsi-no.
824 78 923 135 Cap.
950 81 989 123 1.
1254 80 1308 122 8ι

107 153 157 198 ln
187 152 415 208 philowpbis
439 156 571 207 panim
606 167 695 195 sana
721 154 886 197 doctrina
920 159 976 194 est
998 181 1010 201 ‚
1040 154 1170 205 partim
1197 166 1311 193 mor-

54 217 165 265 biam
202 218 241 256 in
267 213 471 269 Evangelio
494 221 573 274 tota
599 230 687 258 sana
712 223 770 258 est
798 223 834 257 et
854 218 975 257 omnis
1004 228 1103 256 sanae
1131 215 1313 267 doctrina

39 280 187 333 jugula.

111 339 243 383 Potest
254 343 365 382 etiam
375 340 525 392 intelligi
539 340 638 395 qnod
656 342 694 381 in
704 341 779 382 hoc
792 355 876 382 cum
890 340 972 394 lege
987 347 1164 383 consonat
1178 338 1314 392 Evan-

59 403 208 455 gelium.

114 463 232 516 Quasi
251 464 389 506 diceret
403 460 603 518 Apostolus
619 479 631 503 ε
649 462 750 505 Haec
765 464 855 517 legis
871 467 1076 504 necessaria
1090 466 1313 518 praecipitet

59 520 159 569 vet'at
173 526 434 582 Evangelium3
452 527 534 568 haec
552 534 589 568 et
602 541 670 568 nos
690 525 883 582 Evangelii
900 529 1155 580 praedicatores
1177 530 1313 583 praeci-

61 592 183 642 pimus
198 597 235 631 et
258 589 510 643 prohibemus.

112 650 249 700 anng
225 652 358 690 “eliaam
377 652 510 702 gloria
528 653 602 692 Dei
615 653 761 699 dicitur,
783 653 865 706 quia
881 649 953 692 Dei
969 651 1120 703 gloriam
1138 650 1315 705 praedicat

59 723 96 756 et
117 717 320 769 promittit:
338 715 445 756 docet
467 730 537 756 nos
558 718 710 759 modurn
733 716 958 770 glorificandi
981 714 1128 767 Deum,
1148 723 1183 758 et
1203 716 1316 757 nobis

59 777 185 820 Deum
201 777 484 830 glorificantibus
502 784 674 820 aternam
691 778 765 820 Dei
780 779 930 831 gloriam
947 774 1139 830 promittit.

116 837 250 879 Potest
269 841 378 878 etiam
395 838 466 880 dici
483 841 615 891 gloria:
634 841 734 888 Dei,
759 842 843 892 quia
861 838 1104 893 Evangelium
1123 840 1185 881 lux
1204 846 1259 880 est
1275 844 1316 880 et

62 892 239 952 splendor
257 912 334 951 prae
351 899 452 951 lege,
474 915 557 953 quae
580 908 655 942 erat
675 902 818 941 umbra.

118 962 232 1001 Beati
245 961 339 1008 Dei,
365 960 404 1000 id
415 966 499 1011 est,
512 964 577 1014 qui
592 961 666 1003 Dei
682 966 824 1003 summe
838 965 966 1003 boetus
979 969 1058 1013 est,
1082 964 1143 1016 qui
1158 961 1241 1002 sons
1258 966 1317 1001 est

60 1021 315 1071 beatitudinis,
346 1024 408 1074 qui
431 1023 504 1064 'sibi
522 1023 592 1064 sou
621 1023 807 1065 sufficiens
824 1030 899 1075 est,
924 1025 1125 1078 nulliusque
1142 1025 1317 1081 indigens

48 1084 111 1124 -ad
128 1098 231 1125 suam
250 1083 530 1125 beatitudinem.

118 1147 203 1203 Ipse
221 1156 343 1189 tamen
361 1149 469 1189 nobis
495 1150 784 1203 obsequentibus
807 1149 930 1202 gloriae
945 1162 1025 1189 suae
1041 1149 1319 1202 possessionem

64 1219 240 1255 aeternam
258 1215 436 1268 promittit
452 1217 489 1254 in
507 1212 726 1268 Evangelio.

124 1274 272 1327 Nobis,
296 1290 373 1317 non
393 1274 501 1326 Deo,
525 1276 676 1329 prodest
692 1278 807 1317 virtus
826 1281 862 1316 et
880 1277 1027 1317 bonitas
1044 1282 1191 1325 nostra3
1223 1277 1320 1318 sicut

69 1338 179 1394 nobis
192 1366 205 1387 ,
222 1351 299 1376 non
319 1335 405 1377 Deo
418 1367 430 1387 ‚
448 1345 559 1377 nocet
580 1339 749 1390 iniquitas
768 1343 903 1376 nostra.

119 1396 206 1451 Ipse
220 1402 364 1439 summe
382 1399 512 1438 beatus
530 1405 586 1438 est
599 1427 611 1447 ‚
630 1399 702 1438 sibi
722 1397 906 1439 sufficiens
930 1415 939 1438 :
957 1398 1111 1437 saddai
1123 1426 1138 1446 ,
1167 1397 1204 1437 id
1229 1403 1285 1438 est
1297 1425 1315 1448 ,

68 1461 145 1510 ipsa
161 1458 399 1498 sufficientia:
413 1474 523 1499 omne
540 1461 690 1501 bonum.

122 1517 184 1559 Ex
201 1519 299 1560 mera
317 1527 353 1561 et
370 1521 457 1573 pura
476 1521 640 1561 bonitate
658 1521 735 1561 vult
753 1528 789 1561 et
807 1535 874 1560 nos
894 1521 1039 1562 beatos.

122 1577 224 1620 Hinc
243 1583 320 1631 ejus
350 1582 396 1620 ad
422 1596 490 1621 nos
518 1579 782 1635 Emugelium,
804 1583 958 1623 verbum
980 1583 1135 1628 salutis,
1164 1585 1321 1624 missum

68 1648 142 1689 est,
161 1645 308 1696 ejusque
328 1643 534 1695 praedicatio
550 1643 689 1695 gloriae.

127 1705 241 1756 Quod
257 1707 352 1745 mihi
377 1708 556 1747 credilum
577 1715 649 1758 est,
672 1708 711 1748 id
728 1714 807 1757 est,

124 1767 237 1822 Cujus
254 1772 463 1824 praedicatio
483 1772 575 1812 mihi
596 1775 789 1813 commissa
807 1778 874 1813 est.

122 1831 167 1878 Ϊ.
193 1849 208 1875 1
218 1851 254 1876 2.
275 1837 431 1875 Gratias
443 1851 515 1887 ago
528 1838 567 1876 el
580 1839 643 1890 qui
660 1853 719 1877 me
734 1836 995 1889 confortavit...

122 1895 190 1938 Gr.
206 1906 242 1939 et
255 1902 404 1952 gratiam
422 1900 543 1941 habeo
559 1902 744 1942 roboranti
765 1915 825 1942 me
843 1898 992 1941 Christo
1016 1897 1121 1940 Jesu.

120 1956 294 2001 Dicendo
306 1963 574 2014 *Evangeltum
591 1965 691 2016 quod
703 1965 800 2004 mihi
812 1965 991 2003 creditum
1006 1970 1086 2010 est,
1106 1960 1319 2001 recordatur

69 2034 195 2062 eorum
211 2037 291 2076 quae
305 2033 430 2066 contra
446 2023 689 2083 Evangelium
702 2026 786 2067 fecit
800 2025 1014 2079 aliquando:
1034 2024 1197 2075 hincque
1211 2020 1317 2072 Deo,

3 2134 6 2137 Δ
67 2081 289 2124 benefactori
304 2099 395 2135 suo,
418 2091 546 2140 gratias
560 2091 606 2129 eo
621 2089 779 2139 majores
795 2090 892 2141 agit,
909 2091 981 2141 quo
997 2101 1079 2127 sese
1091 2086 1151 2127 tali
1163 2092 1202 2126 et
1215 2091 1319 2125 tanto

0 2154 13 2200 j.
67 2139 251 2180 beneficio
275 2151 414 2195 reputat
432 2147 686 2199 indigniorem.

126 2202 283 2241 Gratias
298 2218 369 2254 ago
393 2207 553 2247 Domino
570 2217 699 2249 nostro
714 2210 806 2250 Jesu
827 2210 1002 2257 Christo,
1025 2210 1086 2262 qni
1101 2207 1192 2248 mihi
1216 2209 1318 2248 viroe

70 2265 318 2318 suppeditavit
333 2266 379 2306 ad
394 2282 472 2308 rem
490 2272 579 2309 tanti
597 2273 777 2311 momenti
796 2267 1096 2324 exsequendam,
1115 2271 1317 2321 nimirum,

66 2327 113 2367 ad
133 2323 373 2380 Evangelium
390 2334 534 2371 strenue
556 2337 592 2372 et
607 2330 758 2372 feliciter
773 2332 1058 2384 praedicandum.

289 2405 311 2413 s
