<?xml version="1.0" encoding="UTF-8"?>
<!DOCTYPE html PUBLIC "-//W3C//DTD XHTML 1.0 Transitional//EN"
    "http://www.w3.org/TR/xhtml1/DTD/xhtml1-transitional.dtd">
<html xmlns="http://www.w3.org/1999/xhtml" xml:lang="en" lang="en">
 <head>
  <title>
</title>
<meta http-equiv="Content-Type" content="text/html;charset=utf-8" />
  <meta name='ocr-system' content='tesseract 3.04.00' />
  <meta name='ocr-capabilities' content='ocr_page ocr_carea ocr_par ocr_line ocrx_word'/>
</head>
<body>
  <div class='ocr_page' id='page_1' title='image "./epistolaumbpauli05picq_0271.png"; bbox 0 0 1462 2540; ppageno 0'>
   <div class='ocr_carea' id='block_1_1' title="bbox 72 71 1326 1239">
    <p class='ocr_par' dir='ltr' id='par_1_1' title="bbox 78 71 1326 264">
     <span class='ocr_line' id='line_1_1' title="bbox 341 71 1325 131; baseline 0.003 -17"><span class='ocrx_word' id='word_1_1' title='bbox 341 125 347 131; x_wconf 23' lang='grc' dir='ltr'><strong><em>ι</em></strong></span> <span class='ocrx_word' id='word_1_2' title='bbox 371 75 549 119; x_wconf 68' lang='lat' dir='ltr'><strong>mm</strong></span> <span class='ocrx_word' id='word_1_3' title='bbox 579 85 804 116; x_wconf 69' lang='lat' dir='ltr'><strong>exrosmo.</strong></span> <span class='ocrx_word' id='word_1_4' title='bbox 833 80 925 130; x_wconf 65' lang='lat' dir='ltr'><strong>cap.</strong></span> <span class='ocrx_word' id='word_1_5' title='bbox 958 71 1025 116; x_wconf 85' lang='grc' dir='ltr'><strong>ΙΙ.</strong></span> <span class='ocrx_word' id='word_1_6' title='bbox 1241 76 1325 130; x_wconf 75' lang='lat'><strong>257</strong></span> 
     </span>
     <span class='ocr_line' id='line_1_2' title="bbox 80 135 1326 198; baseline -0.002 -8"><span class='ocrx_word' id='word_1_7' title='bbox 80 135 379 190; x_wconf 59' lang='lat' dir='ltr'><strong>bwanttaussam</strong></span> <span class='ocrx_word' id='word_1_8' title='bbox 388 144 677 185; x_wconf 70' lang='lat' dir='ltr'><strong>humiliationem</strong></span> <span class='ocrx_word' id='word_1_9' title='bbox 692 144 869 198; x_wconf 67' lang='lat' dir='ltr'><strong>applicare</strong></span> <span class='ocrx_word' id='word_1_10' title='bbox 885 142 982 186; x_wconf 83' lang='lat' dir='ltr'><strong>Deo.</strong></span> <span class='ocrx_word' id='word_1_11' title='bbox 994 142 1098 186; x_wconf 83' lang='lat' dir='ltr'><strong>Idem</strong></span> <span class='ocrx_word' id='word_1_12' title='bbox 1110 143 1188 184; x_wconf 82' lang='lat' dir='ltr'><strong>aliis</strong></span> <span class='ocrx_word' id='word_1_13' title='bbox 1198 147 1326 187; x_wconf 84' lang='lat' dir='ltr'><strong>verbis</strong></span> 
     </span>
     <span class='ocr_line' id='line_1_3' title="bbox 78 199 607 264; baseline -0.01 -13"><span class='ocrx_word' id='word_1_14' title='bbox 78 208 134 251; x_wconf 85' lang='lat' dir='ltr'><strong>D.</strong></span> <span class='ocrx_word' id='word_1_15' title='bbox 150 207 459 264; x_wconf 77' lang='lat' dir='ltr'><strong>chrysostomus</strong></span> <span class='ocrx_word' id='word_1_16' title='bbox 448 219 485 246; x_wconf 88' lang='lat' dir='ltr'><strong>m</strong></span> <span class='ocrx_word' id='word_1_17' title='bbox 502 199 549 247; x_wconf 65' lang='grc' dir='ltr'><strong>Ῡ.</strong></span> <span class='ocrx_word' id='word_1_18' title='bbox 566 204 607 246; x_wconf 89' lang='grc'><strong>8.</strong></span> 
     </span>
    </p>

    <p class='ocr_par' dir='ltr' id='par_1_2' title="bbox 76 266 1321 383">
     <span class='ocr_line' id='line_1_4' title="bbox 134 266 1321 321; baseline -0.002 -10"><span class='ocrx_word' id='word_1_19' title='bbox 134 268 324 318; x_wconf 84' lang='lat' dir='ltr'><strong>Tertium,</strong></span> <span class='ocrx_word' id='word_1_20' title='bbox 337 281 378 309; x_wconf 82' lang='lat' dir='ltr'><strong>se</strong></span> <span class='ocrx_word' id='word_1_21' title='bbox 394 269 571 308; x_wconf 84' lang='lat' dir='ltr'><strong>nutricem</strong></span> <span class='ocrx_word' id='word_1_22' title='bbox 585 266 812 316; x_wconf 82' lang='lat' dir='ltr'><strong>consideret,</strong></span> <span class='ocrx_word' id='word_1_23' title='bbox 824 281 1031 321; x_wconf 88' lang='lat' dir='ltr'><strong>panemque</strong></span> <span class='ocrx_word' id='word_1_24' title='bbox 1040 269 1125 308; x_wconf 81' lang='lat' dir='ltr'><strong>vitae</strong></span> <span class='ocrx_word' id='word_1_25' title='bbox 1138 275 1321 321; x_wconf 83' lang='lat' dir='ltr'><strong>secatum,</strong></span> 
     </span>
     <span class='ocr_line' id='line_1_5' title="bbox 76 329 822 383; baseline -0.007 -10"><span class='ocrx_word' id='word_1_26' title='bbox 76 329 390 373; x_wconf 69' lang='lat' dir='ltr'><strong>aeomnmodatum</strong></span> <span class='ocrx_word' id='word_1_27' title='bbox 411 332 603 383; x_wconf 88' lang='lat' dir='ltr'><strong>unicuique</strong></span> <span class='ocrx_word' id='word_1_28' title='bbox 621 329 822 370; x_wconf 70' lang='lat' dir='ltr'>distribuat.</span> 
     </span>
    </p>

    <p class='ocr_par' dir='ltr' id='par_1_3' title="bbox 132 391 1321 445">
     <span class='ocr_line' id='line_1_6' title="bbox 132 391 1321 445; baseline -0.001 -12"><span class='ocrx_word' id='word_1_29' title='bbox 132 391 278 434; x_wconf 77' lang='lat' dir='ltr'><strong>Nucem</strong></span> <span class='ocrx_word' id='word_1_30' title='bbox 296 394 451 445; x_wconf 84' lang='lat' dir='ltr'><strong>aperiat,</strong></span> <span class='ocrx_word' id='word_1_31' title='bbox 475 398 515 431; x_wconf 85' lang='lat' dir='ltr'><strong>ut</strong></span> <span class='ocrx_word' id='word_1_32' title='bbox 530 391 677 432; x_wconf 78' lang='lat' dir='ltr'><strong>nucleus</strong></span> <span class='ocrx_word' id='word_1_33' title='bbox 698 397 838 442; x_wconf 86' lang='lat' dir='ltr'><strong>pateat,</strong></span> <span class='ocrx_word' id='word_1_34' title='bbox 857 393 935 443; x_wconf 86' lang='lat' dir='ltr'><strong>capi</strong></span> <span class='ocrx_word' id='word_1_35' title='bbox 966 398 1001 431; x_wconf 83' lang='lat' dir='ltr'><strong>et</strong></span> <span class='ocrx_word' id='word_1_36' title='bbox 1030 391 1174 431; x_wconf 87' lang='lat' dir='ltr'><strong>comedi</strong></span> <span class='ocrx_word' id='word_1_37' title='bbox 1192 394 1321 442; x_wconf 88' lang='lat' dir='ltr'><strong>possit.</strong></span> 
     </span>
    </p>

    <p class='ocr_par' dir='ltr' id='par_1_4' title="bbox 78 453 1323 562">
     <span class='ocr_line' id='line_1_7' title="bbox 132 453 1323 506; baseline -0.002 -11"><span class='ocrx_word' id='word_1_38' title='bbox 132 453 239 495; x_wconf 85' lang='lat' dir='ltr'><strong>Plato</strong></span> <span class='ocrx_word' id='word_1_39' title='bbox 259 454 480 494; x_wconf 86' lang='lat' dir='ltr'><strong>dialecticum</strong></span> <span class='ocrx_word' id='word_1_40' title='bbox 500 453 670 493; x_wconf 76' lang='lat' dir='ltr'><strong>insulsum</strong></span> <span class='ocrx_word' id='word_1_41' title='bbox 683 454 837 492; x_wconf 85' lang='lat' dir='ltr'><strong>vocabat</strong></span> <span class='ocrx_word' id='word_1_42' title='bbox 848 453 981 492; x_wconf 85' lang='lat' dir='ltr'><strong>maium</strong></span> <span class='ocrx_word' id='word_1_43' title='bbox 1000 467 1126 493; x_wconf 90' lang='lat' dir='ltr'><strong>cocum</strong></span> <span class='ocrx_word' id='word_1_44' title='bbox 1137 482 1148 502; x_wconf 85' lang='lat'>‚</span> <span class='ocrx_word' id='word_1_45' title='bbox 1163 457 1208 493; x_wconf 79' lang='lat' dir='ltr'><strong>eb</strong></span> <span class='ocrx_word' id='word_1_46' title='bbox 1220 453 1323 506; x_wconf 78' lang='lat' dir='ltr'><strong>quod</strong></span> 
     </span>
     <span class='ocr_line' id='line_1_8' title="bbox 78 514 749 562; baseline -0.003 -7"><span class='ocrx_word' id='word_1_47' title='bbox 78 529 155 555; x_wconf 86' lang='lat' dir='ltr'><strong>non</strong></span> <span class='ocrx_word' id='word_1_48' title='bbox 178 518 274 555; x_wconf 81' lang='lat' dir='ltr'><strong>recte</strong></span> <span class='ocrx_word' id='word_1_49' title='bbox 294 522 453 562; x_wconf 76' lang='lat' dir='ltr'>secaret,</span> <span class='ocrx_word' id='word_1_50' title='bbox 473 528 535 554; x_wconf 87' lang='lat' dir='ltr'><strong>seu</strong></span> <span class='ocrx_word' id='word_1_51' title='bbox 554 514 749 554; x_wconf 87' lang='lat' dir='ltr'><strong>divideret.</strong></span> 
     </span>
    </p>

    <p class='ocr_par' dir='ltr' id='par_1_5' title="bbox 131 573 895 626">
     <span class='ocr_line' id='line_1_9' title="bbox 131 573 895 626; baseline -0.004 -11"><span class='ocrx_word' id='word_1_52' title='bbox 131 573 176 618; x_wconf 56' lang='grc' dir='ltr'><strong>ἵ.</strong></span> <span class='ocrx_word' id='word_1_53' title='bbox 202 575 262 616; x_wconf 77' lang='lat'><strong>¹5.</strong></span> <span class='ocrx_word' id='word_1_54' title='bbox 283 575 447 626; x_wconf 63' lang='lat' dir='ltr'><strong>profana</strong></span> <span class='ocrx_word' id='word_1_55' title='bbox 464 583 588 615; x_wconf 80' lang='lat' dir='ltr'><strong>autem</strong></span> <span class='ocrx_word' id='word_1_56' title='bbox 611 584 647 614; x_wconf 81' lang='lat' dir='ltr'><strong>et</strong></span> <span class='ocrx_word' id='word_1_57' title='bbox 667 575 895 626; x_wconf 71' lang='lat' dir='ltr'><strong>vaniloquia.</strong></span> 
     </span>
    </p>

    <p class='ocr_par' dir='ltr' id='par_1_6' title="bbox 76 635 1323 749">
     <span class='ocr_line' id='line_1_10' title="bbox 132 635 1323 690; baseline -0.001 -13"><span class='ocrx_word' id='word_1_58' title='bbox 132 635 202 677; x_wconf 90' lang='lat' dir='ltr'><strong>Gr.</strong></span> <span class='ocrx_word' id='word_1_59' title='bbox 218 644 252 677; x_wconf 87' lang='lat' dir='ltr'><strong>at</strong></span> <span class='ocrx_word' id='word_1_60' title='bbox 273 637 458 690; x_wconf 83' lang='lat' dir='ltr'><strong>profanas,</strong></span> <span class='ocrx_word' id='word_1_61' title='bbox 477 651 587 677; x_wconf 84' lang='lat' dir='ltr'><strong>vanas</strong></span> <span class='ocrx_word' id='word_1_62' title='bbox 624 650 734 676; x_wconf 87' lang='lat' dir='ltr'><strong>voces</strong></span> <span class='ocrx_word' id='word_1_63' title='bbox 764 635 919 683; x_wconf 79' lang='lat' dir='ltr'><strong>coliibe;</strong></span> <span class='ocrx_word' id='word_1_64' title='bbox 943 639 982 677; x_wconf 88' lang='lat' dir='ltr'><strong>in</strong></span> <span class='ocrx_word' id='word_1_65' title='bbox 1010 635 1147 678; x_wconf 80' lang='lat' dir='ltr'><strong>Graeco</strong></span> <span class='ocrx_word' id='word_1_66' title='bbox 1171 649 1246 676; x_wconf 88' lang='lat' dir='ltr'><strong>non</strong></span> <span class='ocrx_word' id='word_1_67' title='bbox 1265 641 1323 676; x_wconf 78' lang='lat' dir='ltr'><strong>est</strong></span> 
     </span>
     <span class='ocr_line' id='line_1_11' title="bbox 76 702 354 749; baseline 0.004 -11"><span class='ocrx_word' id='word_1_68' title='bbox 76 702 286 749; x_wconf 78' lang='lat' dir='ltr'><strong>conjunctio</strong></span> <span class='ocrx_word' id='word_1_69' title='bbox 307 708 354 739; x_wconf 84' lang='lat' dir='ltr'><strong>et.</strong></span> 
     </span>
    </p>

    <p class='ocr_par' dir='ltr' id='par_1_7' title="bbox 133 758 1187 811">
     <span class='ocr_line' id='line_1_12' title="bbox 133 758 1187 811; baseline 0.001 -13"><span class='ocrx_word' id='word_1_70' title='bbox 133 758 184 799; x_wconf 91' lang='lat' dir='ltr'><strong>D.</strong></span> <span class='ocrx_word' id='word_1_71' title='bbox 199 758 483 811; x_wconf 68' lang='lat' dir='ltr'><strong>chrysostomus</strong></span> <span class='ocrx_word' id='word_1_72' title='bbox 497 772 507 796; x_wconf 76' lang='grc' dir='ltr'>ε</span> <span class='ocrx_word' id='word_1_73' title='bbox 521 759 686 810; x_wconf 78' lang='lat' dir='ltr'><strong>profanas</strong></span> <span class='ocrx_word' id='word_1_74' title='bbox 706 773 837 799; x_wconf 87' lang='lat' dir='ltr'><strong>vocum</strong></span> <span class='ocrx_word' id='word_1_75' title='bbox 856 761 1035 799; x_wconf 85' lang='lat' dir='ltr'><strong>novitates</strong></span> <span class='ocrx_word' id='word_1_76' title='bbox 1053 759 1187 799; x_wconf 85' lang='lat' dir='ltr'><strong>devita.</strong></span> 
     </span>
    </p>

    <p class='ocr_par' dir='ltr' id='par_1_8' title="bbox 72 818 1322 931">
     <span class='ocr_line' id='line_1_13' title="bbox 134 818 1322 865; baseline -0.001 -6"><span class='ocrx_word' id='word_1_77' title='bbox 134 818 299 859; x_wconf 75' lang='lat' dir='ltr'><strong>Alterum</strong></span> <span class='ocrx_word' id='word_1_78' title='bbox 321 826 418 858; x_wconf 85' lang='lat' dir='ltr'><strong>notat</strong></span> <span class='ocrx_word' id='word_1_79' title='bbox 437 821 588 858; x_wconf 83' lang='lat' dir='ltr'><strong>abusum</strong></span> <span class='ocrx_word' id='word_1_80' title='bbox 605 822 640 858; x_wconf 89' lang='lat' dir='ltr'><strong>in</strong></span> <span class='ocrx_word' id='word_1_81' title='bbox 661 822 838 858; x_wconf 83' lang='lat' dir='ltr'><strong>concione</strong></span> <span class='ocrx_word' id='word_1_82' title='bbox 860 820 972 859; x_wconf 70' lang='lat' dir='ltr'><strong>divini</strong></span> <span class='ocrx_word' id='word_1_83' title='bbox 995 819 1098 859; x_wconf 80' lang='lat' dir='ltr'><strong>verbi</strong></span> <span class='ocrx_word' id='word_1_84' title='bbox 1110 818 1322 865; x_wconf 84' lang='lat' dir='ltr'><strong>vitandum;</strong></span> 
     </span>
     <span class='ocr_line' id='line_1_14' title="bbox 72 877 1042 931; baseline 0.001 -14"><span class='ocrx_word' id='word_1_85' title='bbox 72 881 177 931; x_wconf 81' lang='lat' dir='ltr'>quasi</span> <span class='ocrx_word' id='word_1_86' title='bbox 192 880 324 918; x_wconf 73' lang='lat' dir='ltr'><strong>diceret</strong></span> <span class='ocrx_word' id='word_1_87' title='bbox 345 896 353 916; x_wconf 88' lang='grc'>;</span> <span class='ocrx_word' id='word_1_88' title='bbox 369 877 406 916; x_wconf 83' lang='grc' dir='ltr'><strong>Α</strong></span> <span class='ocrx_word' id='word_1_89' title='bbox 418 878 574 929; x_wconf 83' lang='lat' dir='ltr'><strong>profanis</strong></span> <span class='ocrx_word' id='word_1_90' title='bbox 586 881 760 931; x_wconf 88' lang='lat' dir='ltr'><strong>vanisque</strong></span> <span class='ocrx_word' id='word_1_91' title='bbox 777 880 928 917; x_wconf 77' lang='lat' dir='ltr'><strong>vocibus</strong></span> <span class='ocrx_word' id='word_1_92' title='bbox 941 892 1042 918; x_wconf 85' lang='lat' dir='ltr'><strong>cave.</strong></span> 
     </span>
    </p>

    <p class='ocr_par' dir='ltr' id='par_1_9' title="bbox 75 938 1323 1051">
     <span class='ocr_line' id='line_1_15' title="bbox 134 938 1323 990; baseline 0.002 -13"><span class='ocrx_word' id='word_1_93' title='bbox 134 938 234 989; x_wconf 89' lang='lat' dir='ltr'><strong>Quin</strong></span> <span class='ocrx_word' id='word_1_94' title='bbox 257 941 364 977; x_wconf 87' lang='lat' dir='ltr'><strong>etiam</strong></span> <span class='ocrx_word' id='word_1_95' title='bbox 383 952 442 976; x_wconf 89' lang='lat' dir='ltr'><strong>eas</strong></span> <span class='ocrx_word' id='word_1_96' title='bbox 462 939 616 986; x_wconf 81' lang='lat' dir='ltr'><strong>cohibe,</strong></span> <span class='ocrx_word' id='word_1_97' title='bbox 636 942 719 990; x_wconf 86' lang='lat' dir='ltr'><strong>quia</strong></span> <span class='ocrx_word' id='word_1_98' title='bbox 736 939 886 978; x_wconf 77' lang='lat' dir='ltr'><strong>muitum</strong></span> <span class='ocrx_word' id='word_1_99' title='bbox 906 939 1099 979; x_wconf 81' lang='lat' dir='ltr'><strong>conserunt</strong></span> <span class='ocrx_word' id='word_1_100' title='bbox 1118 939 1164 979; x_wconf 87' lang='lat' dir='ltr'><strong>ad</strong></span> <span class='ocrx_word' id='word_1_101' title='bbox 1182 940 1323 990; x_wconf 84' lang='lat' dir='ltr'><strong>impie-</strong></span> 
     </span>
     <span class='ocr_line' id='line_1_16' title="bbox 75 1000 1066 1051; baseline -0.001 -10"><span class='ocrx_word' id='word_1_102' title='bbox 75 1008 188 1041; x_wconf 78' lang='lat' dir='ltr'><strong>tatem</strong></span> <span class='ocrx_word' id='word_1_103' title='bbox 209 1000 490 1051; x_wconf 77' lang='lat' dir='ltr'><strong>ingenerandam</strong></span> <span class='ocrx_word' id='word_1_104' title='bbox 511 1006 548 1038; x_wconf 88' lang='lat' dir='ltr'><strong>et</strong></span> <span class='ocrx_word' id='word_1_105' title='bbox 567 1001 854 1050; x_wconf 79' lang='lat' dir='ltr'><strong>promovendam</strong></span> <span class='ocrx_word' id='word_1_106' title='bbox 873 1003 910 1039; x_wconf 88' lang='lat' dir='ltr'><strong>in</strong></span> <span class='ocrx_word' id='word_1_107' title='bbox 930 1004 1066 1040; x_wconf 87' lang='lat' dir='ltr'><strong>animo.</strong></span> 
     </span>
    </p>

    <p class='ocr_par' dir='ltr' id='par_1_10' title="bbox 74 1059 1324 1239">
     <span class='ocr_line' id='line_1_17' title="bbox 130 1059 1323 1113; baseline -0.003 -11"><span class='ocrx_word' id='word_1_108' title='bbox 130 1061 252 1109; x_wconf 83' lang='lat' dir='ltr'><strong>Nam,</strong></span> <span class='ocrx_word' id='word_1_109' title='bbox 273 1070 310 1100; x_wconf 89' lang='lat' dir='ltr'><strong>ut</strong></span> <span class='ocrx_word' id='word_1_110' title='bbox 330 1071 375 1099; x_wconf 73' lang='lat' dir='ltr'><strong>aut</strong></span> <span class='ocrx_word' id='word_1_111' title='bbox 402 1060 446 1100; x_wconf 85' lang='lat'><strong>1).</strong></span> <span class='ocrx_word' id='word_1_112' title='bbox 471 1059 776 1113; x_wconf 85' lang='lat' dir='ltr'><strong>Chrysostomus‚</strong></span> <span class='ocrx_word' id='word_1_113' title='bbox 801 1074 884 1099; x_wconf 91' lang='lat' dir='ltr'><strong>cum</strong></span> <span class='ocrx_word' id='word_1_114' title='bbox 911 1062 999 1111; x_wconf 88' lang='lat' dir='ltr'><strong>quid</strong></span> <span class='ocrx_word' id='word_1_115' title='bbox 1019 1063 1106 1100; x_wconf 84' lang='lat' dir='ltr'><strong>novi</strong></span> <span class='ocrx_word' id='word_1_116' title='bbox 1123 1061 1229 1101; x_wconf 77' lang='lat' dir='ltr'><strong>fuerit</strong></span> <span class='ocrx_word' id='word_1_117' title='bbox 1256 1063 1323 1100; x_wconf 87' lang='lat' dir='ltr'><strong>in-</strong></span> 
     </span>
     <span class='ocr_line' id='line_1_18' title="bbox 74 1123 1321 1183; baseline -0.004 -16"><span class='ocrx_word' id='word_1_118' title='bbox 74 1133 252 1172; x_wconf 80' lang='lat' dir='ltr'><strong>ventum,</strong></span> <span class='ocrx_word' id='word_1_119' title='bbox 272 1138 415 1175; x_wconf 69' lang='lat' dir='ltr'><strong>sen-per</strong></span> <span class='ocrx_word' id='word_1_120' title='bbox 438 1138 532 1163; x_wconf 82' lang='lat' dir='ltr'><strong>nova</strong></span> <span class='ocrx_word' id='word_1_121' title='bbox 554 1125 590 1163; x_wconf 91' lang='lat' dir='ltr'><strong>id</strong></span> <span class='ocrx_word' id='word_1_122' title='bbox 613 1125 780 1183; x_wconf 84' lang='lat' dir='ltr'><strong>parturit;</strong></span> <span class='ocrx_word' id='word_1_123' title='bbox 805 1123 1031 1175; x_wconf 87' lang='lat' dir='ltr'><strong>infinitusque</strong></span> <span class='ocrx_word' id='word_1_124' title='bbox 1052 1124 1092 1163; x_wconf 86' lang='lat' dir='ltr'><strong>fit</strong></span> <span class='ocrx_word' id='word_1_125' title='bbox 1111 1137 1208 1164; x_wconf 89' lang='lat' dir='ltr'><strong>error</strong></span> <span class='ocrx_word' id='word_1_126' title='bbox 1226 1124 1321 1172; x_wconf 84' lang='lat' dir='ltr'><strong>ejus,</strong></span> 
     </span>
     <span class='ocr_line' id='line_1_19' title="bbox 75 1183 1324 1239; baseline -0.003 -13"><span class='ocrx_word' id='word_1_127' title='bbox 75 1190 135 1239; x_wconf 90' lang='lat' dir='ltr'><strong>qui</strong></span> <span class='ocrx_word' id='word_1_128' title='bbox 150 1186 371 1237; x_wconf 79' lang='lat' dir='ltr'><strong>tranqniiiam</strong></span> <span class='ocrx_word' id='word_1_129' title='bbox 385 1185 565 1237; x_wconf 84' lang='lat' dir='ltr'><strong>fidamque</strong></span> <span class='ocrx_word' id='word_1_130' title='bbox 584 1186 775 1223; x_wconf 89' lang='lat' dir='ltr'><strong>stationem</strong></span> <span class='ocrx_word' id='word_1_131' title='bbox 794 1183 920 1222; x_wconf 85' lang='lat' dir='ltr'><strong>littoris</strong></span> <span class='ocrx_word' id='word_1_132' title='bbox 936 1197 1100 1234; x_wconf 83' lang='lat' dir='ltr'><strong>egressus</strong></span> <span class='ocrx_word' id='word_1_133' title='bbox 1111 1213 1122 1233; x_wconf 93' lang='lat'><strong>‚</strong></span> <span class='ocrx_word' id='word_1_134' title='bbox 1139 1196 1204 1235; x_wconf 87' lang='lat' dir='ltr'><strong>per</strong></span> <span class='ocrx_word' id='word_1_135' title='bbox 1214 1183 1324 1222; x_wconf 80' lang='lat' dir='ltr'><strong>devia</strong></span> 
     </span>
    </p>
   </div>
   <div class='ocr_carea' id='block_1_2' title="bbox 74 1250 1321 1358">
    <p class='ocr_par' dir='ltr' id='par_1_11' title="bbox 74 1250 1321 1358">
     <span class='ocr_line' id='line_1_20' title="bbox 74 1250 374 1301; baseline -0.017 -13"><span class='ocrx_word' id='word_1_136' title='bbox 74 1251 226 1301; x_wconf 84' lang='lat' dir='ltr'><strong>coeperit</strong></span> <span class='ocrx_word' id='word_1_137' title='bbox 243 1250 374 1296; x_wconf 71' lang='lat' dir='ltr'><strong>vagati.</strong></span> 
     </span>
     <span class='ocr_line' id='line_1_21' title="bbox 129 1302 1321 1358; baseline -0.003 -12"><span class='ocrx_word' id='word_1_138' title='bbox 129 1302 174 1349; x_wconf 64' lang='grc' dir='ltr'><strong>Ῡ.</strong></span> <span class='ocrx_word' id='word_1_139' title='bbox 195 1321 257 1358; x_wconf 89' lang='lat'><strong>17.</strong></span> <span class='ocrx_word' id='word_1_140' title='bbox 277 1307 326 1344; x_wconf 73' lang='lat' dir='ltr'><strong>Et</strong></span> <span class='ocrx_word' id='word_1_141' title='bbox 354 1319 471 1344; x_wconf 83' lang='lat' dir='ltr'><strong>sermo</strong></span> <span class='ocrx_word' id='word_1_142' title='bbox 505 1318 669 1343; x_wconf 81' lang='lat' dir='ltr'><strong>eorum...</strong></span> <span class='ocrx_word' id='word_1_143' title='bbox 697 1305 859 1350; x_wconf 75' lang='lat' dir='ltr'><strong>scincet,</strong></span> <span class='ocrx_word' id='word_1_144' title='bbox 892 1303 1223 1355; x_wconf 80' lang='lat' dir='ltr'><strong>vaniloquentium,</strong></span> <span class='ocrx_word' id='word_1_145' title='bbox 1254 1316 1321 1343; x_wconf 86' lang='lat' dir='ltr'><strong>seu</strong></span> 
     </span>
    </p>
   </div>
   <div class='ocr_carea' id='block_1_3' title="bbox 71 1363 1321 1538">
    <p class='ocr_par' dir='ltr' id='par_1_12' title="bbox 71 1363 1321 1538">
     <span class='ocr_line' id='line_1_22' title="bbox 71 1363 1321 1417; baseline -0.004 -10"><span class='ocrx_word' id='word_1_146' title='bbox 71 1369 213 1408; x_wconf 81' lang='lat' dir='ltr'><strong>iiiorum</strong></span> <span class='ocrx_word' id='word_1_147' title='bbox 233 1366 488 1405; x_wconf 74' lang='lat' dir='ltr'><strong>haereticorum</strong></span> <span class='ocrx_word' id='word_1_148' title='bbox 506 1367 567 1417; x_wconf 88' lang='lat' dir='ltr'><strong>qui</strong></span> <span class='ocrx_word' id='word_1_149' title='bbox 587 1363 733 1415; x_wconf 70' lang='lat' dir='ltr'><strong>profana</strong></span> <span class='ocrx_word' id='word_1_150' title='bbox 749 1373 784 1405; x_wconf 82' lang='lat' dir='ltr'><strong>et</strong></span> <span class='ocrx_word' id='word_1_151' title='bbox 800 1378 897 1404; x_wconf 83' lang='lat' dir='ltr'><strong>nova</strong></span> <span class='ocrx_word' id='word_1_152' title='bbox 914 1364 1117 1416; x_wconf 80' lang='lat' dir='ltr'><strong>loquuntur,</strong></span> <span class='ocrx_word' id='word_1_153' title='bbox 1139 1369 1195 1402; x_wconf 78' lang='lat' dir='ltr'><strong>est</strong></span> <span class='ocrx_word' id='word_1_154' title='bbox 1208 1364 1321 1403; x_wconf 84' lang='lat' dir='ltr'><strong>instar</strong></span> 
     </span>
     <span class='ocr_line' id='line_1_23' title="bbox 71 1442 288 1481; baseline -0.009 -12"><span class='ocrx_word' id='word_1_155' title='bbox 71 1442 288 1481; x_wconf 77' lang='lat' dir='ltr'><strong>gangraenae.</strong></span> 
     </span>
     <span class='ocr_line' id='line_1_24' title="bbox 132 1485 1320 1538; baseline -0.005 -10"><span class='ocrx_word' id='word_1_156' title='bbox 132 1488 198 1528; x_wconf 85' lang='lat' dir='ltr'><strong>Gr.</strong></span> <span class='ocrx_word' id='word_1_157' title='bbox 218 1495 255 1526; x_wconf 90' lang='lat' dir='ltr'><strong>ut</strong></span> <span class='ocrx_word' id='word_1_158' title='bbox 276 1498 464 1538; x_wconf 82' lang='lat' dir='ltr'><strong>gangraena</strong></span> <span class='ocrx_word' id='word_1_159' title='bbox 492 1491 629 1538; x_wconf 83' lang='lat' dir='ltr'><strong>pastum</strong></span> <span class='ocrx_word' id='word_1_160' title='bbox 661 1486 838 1536; x_wconf 85' lang='lat' dir='ltr'><strong>habebit,</strong></span> <span class='ocrx_word' id='word_1_161' title='bbox 857 1486 895 1525; x_wconf 89' lang='lat' dir='ltr'><strong>id</strong></span> <span class='ocrx_word' id='word_1_162' title='bbox 924 1491 1004 1535; x_wconf 84' lang='lat' dir='ltr'><strong>est,</strong></span> <span class='ocrx_word' id='word_1_163' title='bbox 1035 1499 1180 1526; x_wconf 87' lang='lat' dir='ltr'><strong>carnem</strong></span> <span class='ocrx_word' id='word_1_164' title='bbox 1208 1485 1320 1523; x_wconf 85' lang='lat' dir='ltr'><strong>etiam</strong></span> 
     </span>
    </p>
   </div>
   <div class='ocr_carea' id='block_1_4' title="bbox 49 1548 1317 1661">
    <p class='ocr_par' dir='ltr' id='par_1_13' title="bbox 49 1548 1317 1661">
     <span class='ocr_line' id='line_1_25' title="bbox 49 1548 492 1597; baseline -0.016 -6"><span class='ocrx_word' id='word_1_165' title='bbox 49 1561 53 1566; x_wconf 85' lang='lat'>&#39;</span> <span class='ocrx_word' id='word_1_166' title='bbox 74 1565 199 1590; x_wconf 82' lang='lat' dir='ltr'><strong>sanam</strong></span> <span class='ocrx_word' id='word_1_167' title='bbox 221 1550 289 1588; x_wconf 80' lang='lat' dir='ltr'><strong>iate</strong></span> <span class='ocrx_word' id='word_1_168' title='bbox 310 1548 492 1597; x_wconf 84' lang='lat' dir='ltr'><strong>depascet.</strong></span> 
     </span>
     <span class='ocr_line' id='line_1_26' title="bbox 132 1604 1317 1661; baseline -0.004 -12"><span class='ocrx_word' id='word_1_169' title='bbox 132 1609 246 1661; x_wconf 85' lang='lat' dir='ltr'><strong>Quasi</strong></span> <span class='ocrx_word' id='word_1_170' title='bbox 268 1610 401 1647; x_wconf 87' lang='lat' dir='ltr'><strong>diceret</strong></span> <span class='ocrx_word' id='word_1_171' title='bbox 418 1622 426 1644; x_wconf 78' lang='lat' dir='ltr'>z</span> <span class='ocrx_word' id='word_1_172' title='bbox 442 1605 619 1645; x_wconf 71' lang='lat' dir='ltr'><strong>pestilens</strong></span> <span class='ocrx_word' id='word_1_173' title='bbox 636 1605 773 1644; x_wconf 79' lang='lat' dir='ltr'><strong>illorum</strong></span> <span class='ocrx_word' id='word_1_174' title='bbox 796 1605 1045 1654; x_wconf 88' lang='lat' dir='ltr'><strong>doctrina,seu</strong></span> <span class='ocrx_word' id='word_1_175' title='bbox 1058 1619 1178 1644; x_wconf 88' lang='lat' dir='ltr'><strong>sermo</strong></span> <span class='ocrx_word' id='word_1_176' title='bbox 1189 1604 1317 1644; x_wconf 83' lang='lat' dir='ltr'><strong>haere-</strong></span> 
     </span>
    </p>
   </div>
   <div class='ocr_carea' id='block_1_5' title="bbox 74 1666 1319 2276">
    <p class='ocr_par' dir='ltr' id='par_1_14' title="bbox 74 1666 1319 1838">
     <span class='ocr_line' id='line_1_27' title="bbox 74 1666 1319 1719; baseline -0.006 -7"><span class='ocrx_word' id='word_1_177' title='bbox 74 1675 228 1712; x_wconf 84' lang='lat' dir='ltr'><strong>ticorum</strong></span> <span class='ocrx_word' id='word_1_178' title='bbox 249 1682 340 1709; x_wconf 77' lang='lat' dir='ltr'><strong>vana</strong></span> <span class='ocrx_word' id='word_1_179' title='bbox 359 1675 395 1707; x_wconf 87' lang='lat' dir='ltr'><strong>et</strong></span> <span class='ocrx_word' id='word_1_180' title='bbox 414 1666 560 1719; x_wconf 84' lang='lat' dir='ltr'><strong>profana</strong></span> <span class='ocrx_word' id='word_1_181' title='bbox 594 1667 817 1718; x_wconf 80' lang='lat' dir='ltr'><strong>loquentium</strong></span> <span class='ocrx_word' id='word_1_182' title='bbox 830 1696 841 1714; x_wconf 91' lang='lat'><strong>‚</strong></span> <span class='ocrx_word' id='word_1_183' title='bbox 874 1669 982 1707; x_wconf 87' lang='lat' dir='ltr'><strong>instar</strong></span> <span class='ocrx_word' id='word_1_184' title='bbox 1013 1680 1211 1718; x_wconf 80' lang='lat' dir='ltr'><strong>gangraenae</strong></span> <span class='ocrx_word' id='word_1_185' title='bbox 1226 1695 1237 1714; x_wconf 92' lang='lat'>‚</span> <span class='ocrx_word' id='word_1_186' title='bbox 1256 1671 1319 1705; x_wconf 85' lang='lat' dir='ltr'><strong>aut</strong></span> 
     </span>
     <span class='ocr_line' id='line_1_28' title="bbox 75 1725 1317 1778; baseline -0.004 -9"><span class='ocrx_word' id='word_1_187' title='bbox 75 1732 255 1774; x_wconf 77' lang='lat' dir='ltr'><strong>canceris,</strong></span> <span class='ocrx_word' id='word_1_188' title='bbox 273 1731 406 1778; x_wconf 84' lang='lat' dir='ltr'><strong>serpit,</strong></span> <span class='ocrx_word' id='word_1_189' title='bbox 428 1729 637 1778; x_wconf 79' lang='lat' dir='ltr'><strong>vener-ique</strong></span> <span class='ocrx_word' id='word_1_190' title='bbox 650 1729 703 1765; x_wconf 89' lang='lat' dir='ltr'><strong>sui</strong></span> <span class='ocrx_word' id='word_1_191' title='bbox 716 1730 791 1765; x_wconf 88' lang='lat' dir='ltr'><strong>vim</strong></span> <span class='ocrx_word' id='word_1_192' title='bbox 812 1727 949 1777; x_wconf 75' lang='lat' dir='ltr'><strong>iongiirs</strong></span> <span class='ocrx_word' id='word_1_193' title='bbox 968 1740 1111 1778; x_wconf 85' lang='lat' dir='ltr'><strong>semper</strong></span> <span class='ocrx_word' id='word_1_194' title='bbox 1129 1725 1317 1776; x_wconf 79' lang='lat' dir='ltr'><strong>diffundit,</strong></span> 
     </span>
     <span class='ocr_line' id='line_1_29' title="bbox 76 1790 700 1838; baseline -0.011 -8"><span class='ocrx_word' id='word_1_195' title='bbox 76 1791 198 1830; x_wconf 82' lang='lat' dir='ltr'><strong>donec</strong></span> <span class='ocrx_word' id='word_1_196' title='bbox 213 1794 330 1827; x_wconf 75' lang='lat' dir='ltr'><strong>lotum</strong></span> <span class='ocrx_word' id='word_1_197' title='bbox 348 1790 541 1837; x_wconf 79' lang='lat' dir='ltr'><strong>corruperit</strong></span> <span class='ocrx_word' id='word_1_198' title='bbox 559 1800 700 1838; x_wconf 87' lang='lat' dir='ltr'><strong>corpus.</strong></span> 
     </span>
    </p>

    <p class='ocr_par' dir='ltr' id='par_1_15' title="bbox 75 1843 1319 1963">
     <span class='ocr_line' id='line_1_30' title="bbox 130 1843 1319 1900; baseline -0.003 -10"><span class='ocrx_word' id='word_1_199' title='bbox 130 1849 270 1890; x_wconf 83' lang='lat' dir='ltr'><strong>Cancer</strong></span> <span class='ocrx_word' id='word_1_200' title='bbox 291 1855 343 1887; x_wconf 89' lang='lat' dir='ltr'><strong>est</strong></span> <span class='ocrx_word' id='word_1_201' title='bbox 360 1849 506 1885; x_wconf 86' lang='lat' dir='ltr'><strong>morbus</strong></span> <span class='ocrx_word' id='word_1_202' title='bbox 535 1843 761 1899; x_wconf 78' lang='lat' dir='ltr'><strong>putredinem</strong></span> <span class='ocrx_word' id='word_1_203' title='bbox 789 1847 971 1896; x_wconf 76' lang='lat' dir='ltr'><strong>effidem,</strong></span> <span class='ocrx_word' id='word_1_204' title='bbox 998 1846 1163 1900; x_wconf 83' lang='lat' dir='ltr'><strong>adeoque</strong></span> <span class='ocrx_word' id='word_1_205' title='bbox 1194 1848 1319 1886; x_wconf 70' lang='lat' dir='ltr'><strong>omnia</strong></span> 
     </span>
     <span class='ocr_line' id='line_1_31' title="bbox 75 1909 863 1963; baseline -0.004 -10"><span class='ocrx_word' id='word_1_206' title='bbox 75 1912 301 1953; x_wconf 80' lang='lat' dir='ltr'><strong>circumcirca</strong></span> <span class='ocrx_word' id='word_1_207' title='bbox 321 1912 529 1963; x_wconf 83' lang='lat' dir='ltr'><strong>depascens.</strong></span> <span class='ocrx_word' id='word_1_208' title='bbox 553 1909 863 1963; x_wconf 80' lang='lat' dir='ltr'><strong>Theophyiactus.</strong></span> 
     </span>
    </p>

    <p class='ocr_par' dir='ltr' id='par_1_16' title="bbox 76 1969 1318 2139">
     <span class='ocr_line' id='line_1_32' title="bbox 131 1969 1318 2027; baseline -0.004 -11"><span class='ocrx_word' id='word_1_209' title='bbox 131 1976 226 2016; x_wconf 77' lang='lat' dir='ltr'><strong>lilius</strong></span> <span class='ocrx_word' id='word_1_210' title='bbox 238 1978 353 2016; x_wconf 88' lang='lat' dir='ltr'><strong>morbi</strong></span> <span class='ocrx_word' id='word_1_211' title='bbox 368 1978 547 2026; x_wconf 84' lang='lat' dir='ltr'><strong>proprium</strong></span> <span class='ocrx_word' id='word_1_212' title='bbox 561 1982 613 2014; x_wconf 86' lang='lat' dir='ltr'><strong>est</strong></span> <span class='ocrx_word' id='word_1_213' title='bbox 635 1989 759 2014; x_wconf 86' lang='lat' dir='ltr'><strong>carnes</strong></span> <span class='ocrx_word' id='word_1_214' title='bbox 768 1969 956 2027; x_wconf 45' lang='lat' dir='ltr'><strong>&#39;proximas</strong></span> <span class='ocrx_word' id='word_1_215' title='bbox 968 1975 1125 2015; x_wconf 81' lang='lat' dir='ltr'><strong>exedere</strong></span> <span class='ocrx_word' id='word_1_216' title='bbox 1139 2003 1149 2022; x_wconf 83' lang='lat'>‚</span> <span class='ocrx_word' id='word_1_217' title='bbox 1168 1980 1205 2013; x_wconf 84' lang='lat' dir='ltr'><strong>et</strong></span> <span class='ocrx_word' id='word_1_218' title='bbox 1218 1973 1318 2024; x_wconf 77' lang='lat' dir='ltr'><strong>quod</strong></span> 
     </span>
     <span class='ocr_line' id='line_1_33' title="bbox 76 2035 1317 2093; baseline -0.004 -15"><span class='ocrx_word' id='word_1_219' title='bbox 76 2053 202 2079; x_wconf 82' lang='lat' dir='ltr'><strong>sanum</strong></span> <span class='ocrx_word' id='word_1_220' title='bbox 222 2047 257 2078; x_wconf 89' lang='lat' dir='ltr'><strong>et</strong></span> <span class='ocrx_word' id='word_1_221' title='bbox 278 2043 453 2093; x_wconf 76' lang='lat' dir='ltr'><strong>integrum</strong></span> <span class='ocrx_word' id='word_1_222' title='bbox 471 2045 522 2076; x_wconf 85' lang='lat' dir='ltr'><strong>est</strong></span> <span class='ocrx_word' id='word_1_223' title='bbox 543 2039 707 2090; x_wconf 82' lang='lat' dir='ltr'><strong>paulatim</strong></span> <span class='ocrx_word' id='word_1_224' title='bbox 724 2051 953 2090; x_wconf 86' lang='lat' dir='ltr'><strong>corrumpere</strong></span> <span class='ocrx_word' id='word_1_225' title='bbox 972 2053 982 2077; x_wconf 73' lang='grc' dir='ltr'>ι</span> <span class='ocrx_word' id='word_1_226' title='bbox 1000 2040 1047 2076; x_wconf 86' lang='lat' dir='ltr'><strong>ita</strong></span> <span class='ocrx_word' id='word_1_227' title='bbox 1066 2043 1119 2076; x_wconf 88' lang='lat' dir='ltr'><strong>est</strong></span> <span class='ocrx_word' id='word_1_228' title='bbox 1135 2036 1181 2075; x_wconf 91' lang='lat' dir='ltr'><strong>de</strong></span> <span class='ocrx_word' id='word_1_229' title='bbox 1200 2035 1317 2074; x_wconf 84' lang='lat' dir='ltr'><strong>haere-</strong></span> 
     </span>
     <span class='ocr_line' id='line_1_34' title="bbox 79 2099 426 2139; baseline -0.006 -1"><span class='ocrx_word' id='word_1_230' title='bbox 79 2102 228 2139; x_wconf 85' lang='lat' dir='ltr'><strong>ticorum</strong></span> <span class='ocrx_word' id='word_1_231' title='bbox 252 2099 426 2138; x_wconf 68' lang='lat' dir='ltr'><strong>doctrina.</strong></span> 
     </span>
    </p>

    <p class='ocr_par' dir='ltr' id='par_1_17' title="bbox 81 2158 1319 2276">
     <span class='ocr_line' id='line_1_35' title="bbox 137 2158 1319 2212; baseline -0.004 -14"><span class='ocrx_word' id='word_1_232' title='bbox 137 2160 197 2198; x_wconf 71' lang='lat' dir='ltr'><strong>Ex</strong></span> <span class='ocrx_word' id='word_1_233' title='bbox 216 2161 382 2210; x_wconf 82' lang='lat' dir='ltr'><strong>quihus...</strong></span> <span class='ocrx_word' id='word_1_234' title='bbox 408 2158 445 2195; x_wconf 90' lang='lat' dir='ltr'><strong>id</strong></span> <span class='ocrx_word' id='word_1_235' title='bbox 468 2165 541 2204; x_wconf 76' lang='lat' dir='ltr'><strong>est,</strong></span> <span class='ocrx_word' id='word_1_236' title='bbox 579 2172 626 2198; x_wconf 89' lang='lat' dir='ltr'><strong>ex</strong></span> <span class='ocrx_word' id='word_1_237' title='bbox 648 2172 799 2212; x_wconf 88' lang='lat' dir='ltr'><strong>quorum</strong></span> <span class='ocrx_word' id='word_1_238' title='bbox 819 2158 1068 2199; x_wconf 78' lang='lat' dir='ltr'><strong>baereticorum</strong></span> <span class='ocrx_word' id='word_1_239' title='bbox 1090 2169 1242 2198; x_wconf 87' lang='lat' dir='ltr'><strong>numero</strong></span> <span class='ocrx_word' id='word_1_240' title='bbox 1262 2163 1319 2194; x_wconf 79' lang='lat' dir='ltr'><strong>est</strong></span> 
     </span>
     <span class='ocr_line' id='line_1_36' title="bbox 81 2220 559 2276; baseline -0.006 -13"><span class='ocrx_word' id='word_1_241' title='bbox 81 2225 310 2276; x_wconf 61' lang='lat' dir='ltr'><strong>Hymenaeus</strong></span> <span class='ocrx_word' id='word_1_242' title='bbox 325 2228 359 2259; x_wconf 81' lang='lat' dir='ltr'><strong>et</strong></span> <span class='ocrx_word' id='word_1_243' title='bbox 385 2220 559 2262; x_wconf 72' lang='lat' dir='ltr'><strong>Philetus.</strong></span> 
     </span>
    </p>
   </div>
   <div class='ocr_carea' id='block_1_6' title="bbox 239 2350 1138 2378">
    <p class='ocr_par' dir='ltr' id='par_1_18' title="bbox 239 2350 1138 2378">
     <span class='ocr_line' id='line_1_37' title="bbox 239 2350 1138 2378; baseline 0 -2"><span class='ocrx_word' id='word_1_244' title='bbox 239 2350 282 2377; x_wconf 71' lang='lat' dir='ltr'><strong>V.</strong></span> <span class='ocrx_word' id='word_1_245' title='bbox 597 2376 601 2378; x_wconf 69' lang='grc'>,</span> <span class='ocrx_word' id='word_1_246' title='bbox 1074 2351 1138 2377; x_wconf 82' lang='lat'><strong>11.</strong></span> 
     </span>
    </p>
   </div>
  </div>
 </body>
</html>
