1462 2540
533 0 554 16 N

335 99 339 101 Α
374 79 555 119 m
577 81 810 114 znosmo.
836 65 942 129 Cap.
967 66 1057 113 Vle
1091 49 1107 54 ἢ
1246 76 1330 122 191

433 297 649 344 CAPUT
676 295 956 343 SEXTUM.

564 435 836 490 Pamphi-osis.

83 534 371 623 Qmemtoun
387 573 471 607 sunt
481 562 740 608 subservitntis
755 570 838 618 jugo
848 595 859 614 ,
875 565 985 605 heros
999 578 1099 611 suos,
1111 563 1193 604 licet
1203 563 1340 603 ethni-

81 645 164 679 cos,
184 630 343 683 perfecta
360 637 624 683 prosequantur
651 630 877 676 reverentia,
898 643 946 669 ne
961 635 1107 682 propter
1127 640 1254 667 eorum
1271 628 1334 666 in·

80 692 332 732 obedientiam
356 691 548 733 christiana
567 692 746 744 professio
772 699 808 732 et
827 693 1036 744 evangelica
1057 691 1222 731 doctrina
1240 688 1340 729 male

8 745 19 781 .‘
80 751 214 792 audiat.

137 811 212 864 Qui
227 815 319 852 vero
336 811 509 852 dominos
530 812 670 852 habent
693 811 908 852 christianos
923 841 933 858 ‚
954 817 1107 852 caveant
1122 824 1168 851 ne
1185 810 1271 864 quid
1287 810 1340 861 de

82 874 289 915 reverentia
306 877 512 923 remittant,
532 877 615 927 quia
631 872 828 915 Christiani
850 881 955 920 sunt;
981 876 1055 913 imo
1069 903 1079 919 ,
1100 877 1146 913 εὸ
1169 873 1342 914 libentius

82 934 149 974 iuis
166 936 392 983 ministrent,
410 933 516 987 'quod
543 935 671 976 fideles
695 944 799 984 sunt,
821 943 857 976 et
873 936 939 975 iltis
964 939 1011 976 εὸ
1034 934 1216 976 chariores
1237 937 1311 976 sint
1325 964 1341 986 ‚

15 995 18 997 ’
83 997 182 1049 quod
197 996 363 1047 ejusdem
377 1003 462 1036 sunt
478 1010 561 1036 cum
574 998 661 1049 ipsis
694 1001 814 1048 gratia:
828 1001 1031 1050 participes.
1054 996 1145 1038 Haec
1162 998 1254 1039 doce
1267 1012 1341 1038 ne-

81 1062 260 1107 scientes,
281 1059 424 1098 hortare
448 1062 538 1099 vero
564 1061 735 1099 seientes.

136 1118 178 1161 Si
194 1122 275 1173 quis
291 1121 494 1160 doctrinam
507 1122 554 1160 ab
570 1120 640 1160 hac
659 1119 783 1161 nostr&
797 1120 950 1161 alienam
974 1121 1104 1170 docet,
1127 1128 1161 1162 et
1178 1135 1255 1162 non
1270 1121 1342 1162 ad-

82 1180 200 1221 haeret
214 1181 426 1222 salutaribus
443 1180 592 1222 Domini
609 1185 723 1222 nostri
741 1180 833 1222 Jesu
848 1180 983 1222 Christi
999 1183 1230 1222 sermonibus
1242 1211 1255 1233 ,
1272 1195 1346 1223 seu

83 1243 305 1295 evangelicae
329 1243 504 1285 doctrinae
523 1258 607 1297 quae
630 1259 755 1294 veram
775 1247 948 1297 pietatem
967 1252 1184 1297 promovet;
1204 1244 1209 1247 ’

137 1326 326 1381 Superbus
345 1336 401 1370 est
421 1337 459 1371 et
474 1333 640 1383 ignarus,
656 1332 724 1372 sed
740 1339 779 1372 et
805 1332 949 1385 languet
966 1335 1059 1373 circa
1076 1332 1195 1373 sutiles
1209 1346 1347 1387 quaes·

21 1388 28 1393 ⁴
83 1391 204 1430 tiones
218 1397 258 1431 et
274 1405 394 1432 meras
411 1392 460 1433 de
478 1394 604 1434 verbis
619 1408 756 1445 pugnas
771 1409 783 1441 3
806 1408 852 1434 ex
874 1397 1003 1448 quibus
1021 1397 1189 1438 inanibus
1204 1395 1345 1452 dispu-

83 1453 280 1493 tationibus
310 1457 423 1494 oritur
446 1457 582 1495 invidia
596 1485 607 1503 ,
637 1459 735 1500 rixa,
769 1460 928 1497 convitia
946 1488 958 1508 ,
987 1461 1180 1510 opiniones
1210 1459 1348 1506 malfe,

85 1527 151 1553 seu
173 1516 375 1564 perniciosa
395 1516 586 1567 dogmata,

140 1573 272 1615 Inanes
294 1581 330 1616 et
349 1590 472 1628 pravae
490 1581 767 1619 exercitationes
788 1580 979 1621 hominum
999 1588 1124 1622 mente
1147 1588 1343 1634 corrupto·

29 1679 31 1681 q
84 1650 186 1685 rum,
208 1639 269 1688 qui
286 1639 447 1679 veritatis
459 1640 595 1681 iumine
609 1649 692 1681 sunt
707 1645 857 1694 privati,
878 1650 914 1683 et
931 1643 1015 1683 ideo
1033 1646 1246 1683 existimant
1261 1645 1344 1695 pie-

86 1706 198 1740 tatem
211 1714 290 1740 rem
305 1715 387 1743 esse
404 1713 664 1757 quaestuosam.

141 1781 291 1824 Reveffl
317 1797 470 1840 magnus
496 1800 654 1845 quaestus
676 1799 730 1832 est
759 1794 896 1844 pietas,
922 1796 979 1834 cui
1000 1794 1204 1834 necessaria
1234 1790 1343 1832 suffi-

33 1880 40 1886 .
91 1846 205 1885 ciunt.

140 1922 242 1965 Sicut
253 1928 353 1966 enim
370 1927 409 1965 in
423 1923 522 1964 hunc
538 1923 714 1964 mundum
731 1924 823 1965 nihil
836 1925 1019 1966 intulimus
1039 1957 1051 1978 ‚
1069 1929 1117 1967 ita
1132 1932 1255 1982 procul
1266 1933 1344 1974 dn·-

86 1987 149 2027 bio
170 1987 261 2029 nihil
277 2003 326 2030 ex
342 1988 481 2029 mundo
498 1987 718 2029 auferemus.

139 2061 351 2106 Necessaria
371 2080 456 2118 ergo
480 2064 682 2117 habentes,
703 2069 799 2120 pasci
819 2067 956 2109 sciiicet
982 2075 1018 2109 et
1043 2073 1115 2122 tegi
1130 2101 1141 2122 ,
1165 2071 1223 2112 his
1246 2087 1342 2113 con-

88 2125 178 2163 tenti
195 2132 333 2167 sumus.

141 2231 239 2274 Nam
258 2236 319 2287 qui
341 2234 467 2275 volunt
483 2236 564 2275 fieri
578 2237 710 2278 divites
726 2265 736 2285 ,
756 2242 988 2291 avaritiaeque
1010 2241 1156 2281 student
1172 2270 1182 2290 ,
1209 2243 1247 2280 in
1264 2255 1345 2281 va-

35 2322 38 2323 r
87 2296 155 2334 rias
171 2295 335 2336 incidunt
358 2296 534 2350 peccandi
552 2301 793 2350 tentationes,
822 2303 953 2355 quibus
974 2304 1076 2354 quasi
1096 2302 1232 2342 retibus
1257 2300 1345 2342 iira-
