1462 2540
54 0 178 35 ,ςῑ-’Ψ
305 0 309 2 “

327 62 536 115 qaum
562 43 1058 119 ικνοξπιωθαρ.·“17.μ
1238 42 1320 110 2³39

96 129 169 173 ³Sl
181 127 304 180 amas,
322 124 400 172 non
417 103 606 182 μῦμα-δἐι
617 129 809 175 moerebis,
823 127 891 168 sed
903 125 1170 180 congandebis3
1185 128 1320 180 quippe

0 231 10 246 ,
77 193 283 249 praeclarum
301 205 367 245 pro
384 189 518 232 Christi
539 189 614 231 fide
631 197 818 230 certamen
833 192 992 241 certavi,
1011 202 1156 231 eorsum
1173 187 1322 230 feliciter

0 256 5 266 ⁵
78 257 356 324 consummavi,
376 253 491 294 fidem
508 254 667 294 servavi.

103 310 196 360 Be
222 324 374 366 cetero,
394 321 416 356 a
441 313 525 356 Deo
554 316 711 368 reposita
734 321 791 356 est
822 322 859 356 et
886 322 1090 355 asservatur
1119 314 1326 367 mihi,1am

78 384 177 435 pene
194 382 351 430 victori,
374 392 509 419 corona
536 392 644 432 quam
672 380 765 428 juste
791 379 932 425 merui,
951 384 989 416 et
1008 391 1116 429 quam
1144 376 1327 418 Dominus

77 439 194 484 Jesus
213 439 381 482 Christus
394 469 406 489 ‚
438 446 478 480 ut
508 442 620 491 justus
638 439 775 490 judex,
792 438 883 478 mihi
905 438 1066 478 reddet
1056 452 1095 477 m
1112 438 1170 478 itta
1189 438 1272 487 die,
1289 446 1330 477 et

79 504 172 544 mihi
189 517 265 543 non
283 502 421 551 solum,
443 501 510 542 sed
536 509 574 543 et
593 504 636 541 iis
654 502 825 541 omnibus
854 503 915 553 qui
947 501 1102 552 diligunt
1131 507 1169 541 et
1201 507 1330 553 optant

79 566 276 618 gloriosum
297 564 388 604 illius
405 563 620 604 adventum.
1361 565 1364 566 ’

136 625 287 668 Festina
302 626 349 667 ad
368 641 428 666 me
450 628 522 666 cito
543 628 670 666 venire
687 622 854 666 Romam
870 623 1033 667 :Demas
1049 627 1149 666 enim
1164 639 1225 666 me
1241 625 1334 670 reli-

85 692 181 742 quit,
202 696 240 729 et
256 703 380 729 amore
395 688 517 728 saeculi
533 691 669 738 victus,
690 689 779 728 abiit
794 686 1116 728 Thessalonicam.

0 869 17 877 ,ἦ
139 820 319 863 Crescens
332 825 353 862 ὲ
369 836 432 862 me
460 817 593 862 miisus
605 851 616 872 ‚
641 822 729 860 abiit
758 824 796 860 in
831 819 1028 870 Galatiam,
1059 835 1123 862 seu
1153 819 1307 862 Galliam
1323 837 1334 870 ;

16 890 26 914 ἲ
84 881 211 928 Tuus,
232 884 270 921 in
291 880 521 922 Dalmatiam.

145 943 264 985 Lucas
283 943 382 984 solus
401 957 548 984 mecum
564 950 711 990 manet3
730 942 897 984 Marcum
918 943 1104 985 Joannem
1120 958 1288 994 assume,
1305 952 1343 985 et

91 1005 211 1046 adduc
222 1005 270 1044 ad
290 1017 352 1044 me
371 1019 382 1044 ·.
401 1011 454 1044 est
473 1006 571 1044 enim
594 1003 683 1043 mihi
702 1006 740 1043 in
761 1002 952 1057 Evangelii
975 1008 1215 1046 ministerium
1232 1007 1341 1047 utilis.

148 1081 360 1136 Tychicum
379 1084 459 1122 misi
477 1079 690 1135 Ephesum,
715 1089 754 1122 ut
770 1089 848 1122 tuas
864 1083 1028 1136 suppleat
1059 1086 1173 1124 vices.

150 1170 305 1212 Pallium
324 1173 423 1225 quod
439 1170 589 1212 Troade
608 1172 704 1224 apud
721 1170 879 1226 Carpum
895 1174 1040 1227 reliqui,
1057 1177 1212 1216 veniens
1227 1181 1346 1217 tecum

97 1234 202 1285 asser,
225 1242 262 1275 et
276 1235 407 1284 libros,
424 1242 461 1275 et
478 1237 638 1274 maxime
654 1237 784 1287 scripta
802 1249 896 1277 mea.

157 1379 384 1432 Alexander,
401 1381 501 1422 saber
520 1385 663 1422 aerarius
677 1412 689 1432 ‚
709 1383 820 1423 multa
836 1384 929 1424 mala
946 1384 1037 1425 mibi
1052 1383 1172 1426 intulit
1187 1387 1343 1428 :reddet

101 1444 150 1483 itti
166 1442 346 1484 Dominus
365 1443 566 1484 secundum
582 1457 693 1496 opera
714 1447 803 1494 ejus.

160 1541 220 1582 Tu
242 1543 307 1582 tibi
318 1542 434 1582 abillo
450 1556 539 1584 cave
551 1573 563 1594 ,
584 1557 630 1583 ne
645 1544 779 1584 scilicet
796 1545 883 1597 quid
898 1546 1013 1586 simile
1028 1549 1092 1588 tibi
1104 1547 1210 1588 saciat
1222 1530 1352 1590 :valde

106 1609 205 1647 enim
225 1610 354 1647 restitit
371 1614 507 1649 nostrae
525 1608 784 1661 praedicationi.

161 1699 256 1740 Cum
273 1703 310 1740 in
327 1700 384 1741 his
399 1702 569 1742 secundis
587 1702 740 1742 vinculis
759 1717 903 1743 causam
921 1717 1042 1744 meam
1057 1711 1142 1745 ante
1158 1703 1351 1747 Neronem

108 1765 230 1815 primo
248 1762 344 1811 dixi,
362 1778 472 1805 nemo
493 1764 717 1806 familiarium
731 1765 821 1806 mihi
835 1765 966 1816 adsuitj:

161 1823 238 1865 Sed
267 1839 397 1865 omncs
424 1826 500 1866 sere
537 1840 599 1868 me
636 1828 923 1880 dereliquerunt,
943 1827 1134 1869 Neronem
1170 1831 1352 1870 extimes-

108 1894 247 1929 centes.

166 1950 255 1992 Hoc
273 1964 350 1991 non
365 1951 431 1991 illis
448 1953 642 2005 imputetur
668 1953 714 1994 ad
729 1960 917 2007 peccatum
930 1983 940 2002 ‚
960 1955 1026 1994 sed
1044 1958 1206 2008 ignoscat
1227 1953 1349 1996 Deus.

164 2029 350 2071 Dominus
371 2040 491 2073 autem
511 2033 607 2074 mihi
643 2035 710 2075 ruit
739 2034 897 2084 auxilio,
929 2036 1091 2089 mihique
1122 2037 1288 2077 fiduciam
1319 2043 1357 2077 et

113 2095 276 2134 animum
291 2094 393 2134 dedit
408 2096 454 2135 ad
466 2098 540 2136 mei
557 2097 811 2138 defensionem
825 2097 889 2146 (id
905 2112 975 2150 ego
991 2113 1068 2139 non
1080 2101 1218 2146 merui;
1240 2097 1355 2150 sed),

39 2205 46 2214 ,
113 2162 153 2194 ut
179 2167 244 2206 per
262 2167 325 2194 me
354 2155 541 2208 impleatur
562 2155 755 2210 Evangelii
785 2159 1013 2211 praedicatio,
1043 2173 1198 2212 eamque
1224 2173 1360 2200 omnes

24 2221 48 2263 Ἦ
112 2226 241 2271 gentes
258 2218 426 2277 audiant;
447 2221 532 2260 ideo
546 2221 715 2263 liberatus
737 2237 817 2263 sum
837 2237 887 2264 ex
905 2237 970 2264 ore
985 2224 1115 2264 lconis.

19 2280 41 2300 ‘⁵
167 2287 295 2331 Sicut
284 2305 304 2329 a
320 2274 495 2344 corporali
514 2291 619 2333 leone
642 2292 831 2344 liberaxit,
852 2306 961 2348 spero
990 2293 1090 2353 quod
1112 2300 1149 2334 et
1154 2288 1217 2392 {ss
1208 2291 1363 2351 spiritali

307 2358 352 2389 “a
1128 2361 1150 2392 ι
