1448 2540
360 82 559 116 amm:
574 82 806 116 mon-rio.
823 70 924 127 Cap.
938 73 999 117 ΙΙ.
1245 74 1313 130 95·

101 145 182 190 sed
195 147 304 189 bonis
322 145 494 198 operibus
507 174 518 196 ‚
535 146 628 186 sicut
644 145 752 186 decet
769 145 942 187 mulieres
964 146 1139 198 pietatem
1157 145 1306 201 profes-

50 223 108 250 sas
120 240 132 261 ‚
147 224 212 251 seu
227 209 452 250 christianas.

104 288 236 332 Muiier
253 291 294 330 in
309 289 452 330 silentio
474 287 590 328 discat
601 317 612 338 ‚
630 301 714 328 cum
734 285 877 328 summai
894 290 1156 331 submissione.

107 357 256 401 Docere
271 365 396 400 autem
410 360 448 399 in
470 355 635 399 Ecclesia
650 357 790 399 mulieri
808 371 883 398 non
898 360 1089 410 permitto,
1105 371 1177 399 nec
1193 357 1302 399 ullam

0 427 2 429 ’
51 426 93 464 ἰιι
120 424 242 464 virum
265 424 517 463 auctoritatem
547 434 744 468 exercere3
764 421 830 462 sed
852 435 934 462 eam
953 421 1135 462 silentium
1152 434 1306 462 servare

52 483 165 527 volo..

106 539 189 593 (In
209 546 329 586 virum
348 558 426 586 non
442 544 680 593 dominetur)
699 546 784 596 quia
805 541 929 587 Adam
948 543 1104 597 (utpote
1123 551 1306 598 praestan·

54 609 124 648 tior
140 614 176 648 et
197 608 371 660 dignitate
387 607 504 660 prior)
524 610 660 660 primus
673 607 847 648 formatus
863 615 942 655 est3

107 667 257 710 Deinde
274 667 355 709 Eva
373 668 450 717 (ex
466 667 612 710 Adamo
627 676 664 709 et
682 677 828 723 propter
846 668 1074 720 Adamum.)

109 728 229 778 (Non
246 729 374 771 doceat
389 731 516 770 muiier
533 731 550 779 )
565 733 647 784 quia
665 739 702 771 ut
714 732 929 772 imbecillior
944 740 981 773 et
997 733 1206 786 deceptioni
1222 746 1308 773 ma·

50 791 107 843 gis
125 791 288 832 obnoxia
299 821 313 843 ‚
327 791 394 832 fuit
408 795 612 845 aserpente
625 795 663 833 in
680 795 974 845 praevaricatione
991 795 1108 835 divini
1128 796 1306 849 praecepti

51 855 224 908 decepta:
238 854 362 897 Adam
380 864 501 898 autem
525 872 602 898 non
620 856 687 897 suit
708 860 729 898 a
744 866 917 911 serpente
937 859 1114 911 deceptus
1127 858 1147 906 (
1160 859 1228 899 sed
1253 860 1306 899 ab

52 930 170 958 uxore
182 916 369 967 auectus.)

108 976 313 1019 Salvabitnr
334 985 455 1019 autem
472 980 611 1029 mulier,
632 995 696 1033 per
707 983 803 1034 piam
816 982 1012 1023 liberorum
1024 983 1303 1033 educationem,

56 1043 86 1081 si
105 1043 342 1092 permanserit
359 1048 528 1082 constans
544 1043 580 1082 in
602 1041 695 1092 fide,
710 1043 748 1082 in
776 1042 948 1084 charitate
964 1073 975 1095 ,
994 1047 1032 1084 in
1059 1046 1248 1086 sanctitate
1264 1051 1304 1085 et

55 1118 199 1146 morum
216 1105 427 1147 sobrietate.
