1462 2540
0 0 56 163 ξ
287 82 1129 197 ·“'³³³‘prmm¹⁰'³cffi·w'n
1197 156 1206 166 ι
1279 81 1360 139 ²93

114 157 1111 273 affirmastis*samma
1124 168 1356 259 {ms

111 289 207 332 inter
218 284 424 330 'secundum
440 290 478 325 et
494 285 652 335 primum
664 281 865 332 adventum
887 281 978 335 eius.
1292 319 1293 322 ,

166 343 262 386 Non
281 348 327 386 ita
348 347 472 385 veniet
492 352 530 384 ut
548 351 652 384 antea
673 344 803 391 venit,
825 344 862 381 in
887 340 1111 390 humilitate,
1133 338 1200 380 sed
1217 341 1254 380 in
1268 339 1357 391 giu-

114 407 168 450 ria
181 414 218 449 et
233 422 361 459 reguo.
377 405 438 451 D„
448 403 751 460 Chrysostomus.

167 467 353 523 Equidem
368 466 533 509 Christus
553 466 733 508 Dominus
750 480 848 506 nunc
863 472 916 505 est
935 466 972 504 in
991 467 1071 504 sinu
1089 470 1123 504 et
1141 462 1255 517 gloria
1269 460 1354 504 Pa·-

114 532 197 579 tris,
211 530 279 570 sed
295 529 419 569 divina
433 531 512 580 eius
531 529 641 581 gloria
662 528 827 569 nondum
845 527 1016 566 omnibus
1034 530 1210 579 apparust.

166 591 279 633 Nunc
299 592 446 645 quidem
467 600 592 645 regnat
614 595 652 632 in
671 592 788 641 ereio,
804 590 971 643 sedetque
988 590 1043 629 ad
1058 590 1252 629 dexteram
1269 603 1359 628 ma·-

109 653 260 706 jestatis
270 667 287 700 ,·
301 654 367 695 sed
384 654 548 694 nondum
562 668 692 694 omnes
706 655 783 703 ejus
799 655 952 707 imperio
964 652 1166 693 subduntur
1182 654 1220 691 in
1236 653 1357 701 terris,

112 726 187 752 non
206 727 334 752 omnes
354 715 529 754 obediunt
545 713 761 767 Evangelio,

167 776 224 819 At
242 785 326 819 tunc
342 781 424 827 cum
438 779 655 830 judicaturus
670 782 815 828 veniet,
837 781 1007 819 omnibus
1024 780 1208 833 apparebit
1225 780 1261 818 in
1279 777 1359 830 glo·

95 862 98 863 ν
114 840 166 880 ria
178 838 252 881 Dei
263 849 326 890 ‚et
343 845 384 882 in
396 843 590 892 omnibusf,
610 849 648 883 et
667 856 776 895 super
792 856 921 882 omues
935 844 1103 894 regnabit
1116 848 1157 882 ut
1171 839 1259 880 Rex
1274 841 1358 880 uni-

116 905 226 946 versi.
639 948 642 951 Δ

170 970 316 1012 Omnes
333 980 420 1013 tunc
435 975 670 1024 subjicientur
685 977 738 1022 ei,
762 975 821 1014 vel
847 975 961 1015 libere
972 1004 984 1024 ,
1003 975 1063 1015 vel
1079 977 1197 1015 inviti.

165 1031 297 1074 Adoro
317 1040 379 1083 teg
401 1031 546 1076 Christe
559 1067 571 1086 ‚
599 1039 636 1076 in
654 1037 737 1075 sinu
756 1034 875 1076 Patris
892 1035 1087 1084 latentem,
1105 1042 1214 1086 teque
1238 1032 1359 1075 Patris

112 1094 348 1147 splendorem
363 1098 542 1148 agnosco!
999 1137 1002 1140 Α

166 1153 299 1196 Adoro
317 1163 351 1196 te
366 1187 378 1206 ,
402 1154 548 1200 Christe
561 1190 572 1210 ‚
591 1158 678 1200 Rex
701 1160 852 1210 mundi,
870 1174 1005 1212 meque
1027 1159 1157 1199 volens
1172 1165 1208 1198 et
1225 1158 1356 1199 lubens

113 1226 184 1258 tuae
199 1219 318 1257 subdo
343 1219 490 1259 ditioni!
1049 1252 1053 1253 γ

85 1317 89 1322 .
110 1315 113 1317 .
162 1278 338 1321 Judicem
357 1287 394 1321 te
409 1282 521 1322 credo
535 1311 547 1330 ‚
566 1287 603 1323 te
620 1293 727 1334 spero
741 1310 754 1330 ‚
778 1288 812 1322 te
831 1290 967 1335 exopto
984 1292 1177 1326 venturum
1193 1315 1204 1334 ‚
1223 1300 1299 1327 non
1318 1288 1359 1328 iu

110 1340 196 1381 mea
227 1343 386 1384 confisus
416 1341 548 1393 justitia
566 1357 575 1381 z
604 1342 743 1382 Nullus
770 1346 869 1384 enim
903 1352 991 1384 ante
1020 1354 1056 1385 te
1082 1347 1362 1399 justificabitur

113 1401 240 1449 homo,
262 1402 386 1445 sedin
404 1403 464 1441 tua
481 1405 585 1442 unice
604 1404 759 1442 confisus
789 1406 1048 1446 misericordia.

167 1460 206 1500 O
227 1460 320 1501 Jesu
346 1464 575 1503 misericors!
606 1465 628 1503 ὂ
654 1459 746 1504 Jesu
774 1463 940 1506 Salvator
964 1469 1089 1509 mundi
1104 1499 1117 1519 ,
1136 1472 1197 1522 qui
1216 1473 1353 1511 venisti

112 1531 321 1575 peccatores
334 1525 453 1564 salvos
469 1525 610 1566 facere!
630 1527 727 1566 salva
757 1541 818 1568 me
846 1532 1088 1583 miserrimum
1105 1540 1333 1585 peccatorem
1345 1565 1356 1584 ‚

110 1584 180 1625 scd
196 1590 232 1624 te
252 1585 492 1633 confitentem
506 1594 542 1627 et
558 1590 597 1627 in
613 1594 648 1627 te
663 1590 924 1631 confidentem.

166 1643 212 1684 In
232 1653 289 1698 te,
313 1645 496 1696 Domine,
522 1651 664 1701 speravi
685 1666 693 1689 z
711 1665 787 1691 non
809 1652 1009 1692 confundar
1027 1656 1064 1693 in
1083 1662 1275 1697 aeternum.

165 1702 213 1748 Ῡ.
238 1723 276 1748 a.
300 1708 473 1749 Proedica
490 1713 696 1751 verbum...
712 1714 877 1753 obtestor
889 1744 900 1762 ‚
921 1716 1067 1766 inquam
1080 1746 1092 1766 ‚
1110 1724 1146 1757 te
1165 1748 1175 1766 ‚

163 1764 293 1807 Primo
306 1799 317 1819 ‚
337 1776 373 1810 ut
394 1771 569 1822 praedices
585 1774 740 1814 verbum
761 1773 831 1815 Dei
845 1805 856 1825 ‚
880 1783 916 1816 et
934 1790 1017 1817 cum
1033 1778 1224 1819 sedulitate
1241 1782 1354 1821 instes

106 1832 268 1871 veritalis
289 1835 508 1885 evangelicae
530 1837 790 1887 praedicationi,
812 1830 1050 1893 tempestive,
1073 1846 1354 1896 intempestive‚'
1410 1839 1415 1845 ’

109 1891 147 1930 id
164 1899 242 1941 est,
260 1908 491 1948 quocumque
510 1904 673 1951 tempore
691 1907 726 1940 et
744 1901 839 1942 loco.

163 1953 312 1997 Nullum
327 1958 461 2000 habeas
481 1967 622 2013 tempus
639 1963 829 2005 delinitum
844 1995 856 2015 ,
875 1967 942 2006 sed
956 1981 1103 2020 semper
1119 1970 1184 2009 tibi
1209 1976 1353 2023 tempus

109 2019 168 2056 sit.
185 2016 474 2072 chrysostomus
494 2024 591 2066 idem
603 2026 689 2067 dicit
704 2028 751 2068 de
767 2028 870 2068 loco:
886 2027 929 2069 In
948 2031 1119 2081 ecclesia,
1130 2035 1168 2072 in
1183 2047 1327 2074 carcere
1339 2064 1351 2082 ,

110 2080 150 2117 in
169 2081 317 2129 catena,
345 2084 391 2123 ad
413 2093 572 2127 mortem
590 2103 807 2142 properans,
830 2092 1003 2142 praedica,
1027 2095 1121 2136 doce
1148 2099 1355 2139 veritatem.

161 2138 348 2192 Secunde),
363 2153 402 2185 nt
418 2159 555 2198 arguas,
573 2165 701 2202 argue,
723 2157 807 2193 curn
824 2154 959 2194 videris
985 2158 1071 2198 illud
1093 2159 1172 2198 fieri
1196 2159 1347 2208 debere,

104 2203 154 2241 ait
171 2200 485 2258 Theophylactus.
1252 2253 1254 2256 ,

155 2263 202 2305 Id
222 2274 294 2317 est,
317 2271 380 2308 ubi
396 2271 529 2312 videris
553 2272 657 2314 falsos
675 2276 842 2317 doctores
858 2280 1050 2319 veritatem
1065 2282 1138 2319 suis
1163 2283 1345 2323 erroribus

107 2327 382 2381 impugnantes:
408 2333 497 2374 tales
511 2364 521 2383 ‚
548 2337 694 2389 inquam
706 2368 716 2388 ‚
732 2342 951 2390 argumentis
970 2344 1151 2383 convince
1168 2342 1341 2387 falsitatis,
