1448 2540
962 36 981 49 Ι

314 136 317 138 -
346 116 524 148 mmm
550 117 784 148 mosum.
811 101 910 160 Cap.
938 102 1030 148 111.
1257 107 1309 161 47

414 331 630 378 CAPUT
658 332 969 379 TERTIUM.

562 465 831 519 Pamphi-mis.

62 550 159 627 DF.
175 595 308 630 caetero
320 620 333 639 ,
353 588 480 631 fratres
494 620 506 641 ,
525 598 625 632 orate
650 607 714 646 pro
735 594 843 634 nobis
859 590 1076 644 (Evangelii
1093 592 1314 643 ministris),

23 694 28 698 ,
64 653 104 687 ut
125 651 334 701 evangelica
359 651 523 692 doctrina
550 666 617 705 per
644 661 808 695 nostrum
832 656 1072 694 ministerium
1100 652 1252 694 feliciter
1280 659 1318 694 et

10 709 28 761 ,ᾖ
65 713 138 752 cito
158 722 401 767 propagetur,
433 723 470 757 et
493 719 629 771 ubique
651 718 826 760 habeatur
851 721 889 759 in
914 718 1081 769 honore,
1105 721 1197 759 sicut
1220 718 1316 771 apud

11 802 27 817 v,
64 785 150 813 vos.

14 830 17 834 “
118 835 171 878 Et
189 847 379 892 propterea
396 849 495 883 orate
509 847 552 882 ut
568 843 762 883 liberemur
778 843 825 882 ab
846 843 1059 883 hominibus
1081 844 1257 893 improbis
1278 849 1317 883 et

10 915 22 930 f
64 895 275 940 hcinorosis
289 901 369 952 (qui
387 905 497 943 nobis
510 906 680 945 resistunt
695 919 912 958 cursumque
931 907 1064 947 sistunt
1080 901 1291 956 Evangelii)
1308 918 1318 942 z

15 998 18 999 γ
66 971 143 999 non
159 962 259 1000 enim
278 975 409 1002 omnes
424 961 628 1016 Evangelio
646 965 813 1005 credunt.

9 1007 26 1062 i
120 1017 212 1066 (Ne
238 1025 361 1060 tamen
389 1022 474 1062 ideo
498 1024 730 1074 turbemini);
758 1023 875 1063 fidelis
901 1027 1002 1064 enim
1026 1030 1079 1064 est
1102 1021 1229 1073 Deus,
1259 1026 1320 1077 qui

12 1084 21 1121 ,ἷ-
64 1091 134 1118 vos
148 1081 185 1118 in
202 1079 277 1120 fide
293 1083 547 1132 confirmabit,
566 1098 710 1136 vosque
730 1084 897 1124 liberabit
918 1087 938 1122 a
956 1084 1068 1123 rnalo.

7 1201 26 1212 Ὗ
120 1153 183 1196 De
201 1160 308 1198 vobis
324 1163 461 1213 optime
476 1175 583 1214 spero
597 1191 609 1211 ‚
628 1161 849 1214 confidoque
866 1162 964 1213 quod
982 1176 1047 1214 per
1071 1160 1144 1202 Dei
1167 1166 1317 1214 gratiam

9 1220 25 1259 ’ἕ
66 1222 103 1257 et
125 1216 238 1259 sacitis
258 1221 386 1270 modo,
413 1229 450 1262 et
469 1223 642 1275 deinceps
665 1222 802 1262 facietis
825 1222 965 1262 fidelius
992 1236 1072 1276 quae
1091 1222 1200 1262 vobis
1214 1236 1317 1275 prae-

18 1288 24 1298 ·
66 1279 177 1332 cipio.

12 1333 17 1338 ⁶
120 1338 278 1382 Confido
293 1372 305 1393 ,
325 1345 472 1396 inquam
482 1374 492 1393 ‚
510 1344 577 1384 sed
593 1351 628 1384 et
644 1349 835 1396 propterea
850 1358 940 1398 rogo
953 1351 991 1385 ut
1008 1343 1194 1387 Dominus
1208 1348 1319 1388 corda

17 1401 26 1429 ⁷·
64 1407 184 1442 vestra
203 1402 331 1456 dirigat
355 1404 551 1457 (faciatque
568 1420 636 1446 vos
658 1406 755 1446 recta
773 1406 833 1446 via
850 1407 1053 1457 ambulare)
1080 1411 1118 1448 in
1144 1407 1317 1451 charitate

11 1460 35 1474 '⁶
65 1459 142 1503 Dei
163 1471 200 1503 et
218 1467 388 1515 patientia
411 1467 558 1507 Christi.

120 1522 360 1578 Pracipimus
376 1535 496 1568 autem
517 1530 624 1569 vobis
637 1557 649 1578 ‚
666 1531 875 1570 auctoritate
893 1529 1002 1569 nobis
1020 1533 1041 1569 a
1058 1527 1208 1572 Christo
1226 1528 1317 1573 Do-

64 1586 169 1626 mino
190 1587 273 1627 data
286 1619 298 1638 ,
319 1596 497 1630 uteorum
515 1588 661 1631 fratrum
684 1590 896 1631 familiarem
917 1590 1059 1642 fugiatis
1077 1595 1316 1635 consuetudi—

64 1661 177 1698 nem,
199 1652 260 1702 qui
285 1654 414 1693 vivunt
438 1653 660 1694 turbulenter
687 1661 724 1694 et
748 1652 980 1705 inordinate,
1012 1661 1050 1695 et
1067 1668 1146 1696 non
1170 1665 1319 1699 servant

65 1722 149 1749 eam
164 1713 424 1755 institutionem
445 1729 551 1769 quarn
568 1719 589 1755 a
609 1718 717 1756 nobis
741 1722 959 1770 acceperunt
977 1716 1102 1756 verbis
1118 1724 1157 1757 et
1178 1731 1316 1761 exem-

22 1832 40 1874 ’ζ’
120 1832 196 1886 Ipsi
214 1836 313 1874 enim
332 1837 430 1875 scitis
449 1835 564 1887 qualia
579 1838 685 1876 vobis
702 1836 909 1878 dederimus
933 1839 1127 1891 exempla,
1149 1847 1186 1881 et
1210 1856 1314 1895 quo-

20 1906 36 1946 3‘
65 1893 178 1932 modo
194 1907 262 1933 nos
278 1902 442 1947 oporteat
456 1897 585 1935 imitari
599 1911 608 1935 τ
622 1910 698 1936 non
710 1900 821 1938 vitam
836 1899 935 1938 enim
949 1900 1045 1951 apud
1058 1914 1125 1940 vos
1136 1904 1315 1953 gessimus

65 1954 330 2005 inordinatam,
351 1970 421 1996 nec
443 1959 547 1997 otiosi
564 1957 718 2008 suimus,
742 1972 814 1999 nec
838 1962 1002 2012 inquieti.

33 2023 38 2026 “
118 2012 253 2069 Neque
269 2021 376 2068 gratis
394 2019 439 2056 ab
455 2018 572 2071 aliquo
591 2019 751 2059 vestrum
773 2033 907 2073 panem
923 2023 1130 2072 accepimus
1149 2022 1314 2064 mandu—

20 2081 24 2094 ³
66 2079 221 2119 eundum
235 2110 246 2130 ‚
266 2082 332 2122 sed
353 2096 436 2123 cum
453 2083 574 2125 labore
591 2091 627 2125 et
646 2085 797 2134 sudore,
817 2085 878 2126 die
898 2092 936 2126 et
957 2092 1067 2127 nocte
1089 2088 1233 2131 assidue
1255 2088 1311 2136 lai

20 2149 31 2195 ῖς
66 2138 261 2191 borantes,
283 2157 333 2183 ne
358 2148 415 2185 cui
436 2144 602 2187 vestrum
620 2161 782 2188 essemus
802 2150 920 2189 oneri.

18 2227 50 2282 ’ῗ
120 2225 209 2268 Νοῃ
224 2231 322 2282 quod
340 2234 449 2272 nobis
468 2234 611 2276 deesset
627 2238 681 2286 jus
698 2238 829 2277 vestris
842 2238 992 2296 vivendi
1005 2231 1228 2289 sumptibu's3
1245 2237 1315 2279 sed

19 2293 20 2296 ’
47 2317 50 2319 -
65 2292 104 2326 ut
120 2291 159 2328 in
176 2292 447 2347 nobismetipsis
464 2296 722 2338 exhiberemus
736 2299 844 2340 vobis
863 2300 1052 2353 exemplar
1067 2299 1168 2352 quod
1183 2301 1317 2342 imitas*

20 2360 55 2442 ᾆ-
62 2352 209 2393 remini.

24 2426 50 2540 Ξ
