1448 2540
0 0 28 229 Ι
411 118 430 131 ,
451 90 625 121 mrpmx
655 72 889 120 exposrrio.
919 78 1013 131 Cap.
1039 79 1066 118 Ι
1316 78 1378 133 ’75

15 157 18 159 ’
182 147 422 197 Judaizantes
437 163 526 203 ergo
550 149 713 203 intelligit
728 179 739 201 ,
763 153 824 204 qui
847 150 974 192 fideles
993 151 1040 191 ad
1056 150 1176 203 legem
1191 151 1378 192 conaban-

0 231 15 267 [τί
128 221 187 255 tur
201 212 393 254 attrahere.

185 277 247 318 Ne
262 278 374 316 aliter
391 277 590 315 docerent.-
610 276 753 328 supple,
778 279 887 328 quam
907 290 988 317 nos.

184 338 282 387 Seu,
304 354 352 379 ne
381 338 561 378 diversam
589 340 637 378 ab
656 336 859 390 Evangelio
888 339 1088 380 doctrinam
1117 340 1216 394 quod
1241 342 1379 395 ubique

131 404 384 458 praedit-amus.

184 465 390 520 Episcopus
406 466 502 514 falsa,
521 473 559 506 et
575 467 712 507 inutilia
727 496 736 514 ‚
753 474 790 506 et
814 467 860 507 ab
876 464 1080 519 Evangelio
1099 468 1212 508 aliena
1231 468 1380 510 doeen-

131 534 189 568 tes
217 527 390 568 cohibere
419 527 542 568 debet.

188 588 241 639 Y.
259 590 297 638 4.
318 591 446 641 Neque
465 588 879 640 intendes-entsabulis,
896 589 932 629 id
950 597 1031 640 est,
1050 589 1147 630 salsis
1161 597 1197 630 et
1213 590 1384 631 sabulosis

134 650 405 697 traditionibus,
431 651 578 699 judaicis
595 651 749 700 scilicet,
769 652 891 704 quales
909 651 1032 727 multae
1049 651 1241 703 leguntur
1233 666 1271 691 m
1290 650 1381 691 Tal

133 710 222 750 mud
241 717 275 750 et
292 710 388 762 apud
406 708 614 751 Rabbinos.

190 773 240 812 Et
265 774 487 824 genealogiis
509 775 784 820 interminatis,
814 773 852 813 id
870 781 954 825 est,
974 774 1195 827 longissimis
1220 780 1257 815 et
1281 777 1383 827 quasi

135 835 304 883 instnitss,
333 837 464 889 quibus
485 838 708 876 conabantur
728 834 849 876 Judaei
865 851 979 890 genus
999 851 1103 878 suum
1127 839 1173 877 ab
1194 836 1383 878 Abraham

136 897 330 938 deducere.

194 959 367 1013 Hincque
389 962 628 1013 gloriabantur
642 992 654 1012 ‚
673 968 748 1001 tum
767 962 814 1000 ob
834 964 975 1014 generis
998 965 1051 1003 sui
1069 965 1252 1015 antiquam
1270 965 1386 1004 nobi-

138 1024 276 1063 litatem
293 1052 306 1071 ,
336 1031 412 1062 tum
437 1025 485 1063 ob
511 1023 607 1062 hanc
625 1030 697 1062 tam
719 1026 948 1075 antiquarum
964 1027 1240 1077 generationum
1255 1029 1374 1068 scien·

138 1088 224 1126 tiam
239 1115 250 1135 ,
271 1093 309 1125 ut
330 1092 430 1124 notat
448 1084 495 1124 D.
514 1083 812 1138 ChrysostomuS.

193 1147 296 1189 Ante
310 1145 495 1188 Christum
514 1147 584 1186 illae
598 1148 821 1198 genealogiae
838 1147 940 1186 utiles
956 1155 1074 1196 erant,
1087 1155 1126 1189 ut
1142 1147 1168 1189 J
1172 1151 1267 1190 udaei
1282 1163 1387 1191 suam

141 1213 274 1251 scirent
297 1212 428 1250 tribum
452 1216 487 1249 et
508 1217 612 1249 terrae
639 1211 843 1261 portionem
866 1221 941 1247 suae
965 1210 1072 1248 tribui
1090 1213 1325 1262 assignatam
1348 1219 1387 1253 et:

139 1274 321 1318 maxime,
345 1279 382 1311 ut
410 1278 590 1311 constaret
619 1268 806 1310 Christum
836 1278 959 1309 natum
980 1284 1059 1310 esse
1089 1285 1136 1311 ex
1155 1274 1246 1313 tribu
1266 1272 1386 1323 Juda,

139 1336 239 1384 juxta
256 1331 390 1373 Jacobi
407 1332 648 1385 prophetiam.
664 1330 802 1372 Genes.
821 1333 886 1386 49.
908 1348 976 1379 ¹03
995 1340 1029 1372 at
1047 1348 1177 1374 everso
1190 1337 1384 1387 judaismo,

141 1392 361 1446 Christoque
379 1400 488 1439 nato,
508 1400 590 1433 sunt
609 1393 766 1433 inutiles.

198 1457 294 1508 Qum
310 1472 406 1509 quoe.
398 1458 536 1494 sliones
553 1463 736 1507 proestunt
754 1456 874 1504 magis
895 1457 1007 1507 quiem
1026 1457 1357 1507 oedficthmzem..

195 1520 241 1560 In
270 1521 442 1560 texendis
458 1523 556 1559 enim
578 1520 797 1570 longissimis
816 1520 881 1558 illis
900 1521 1119 1572 genealogiis
1140 1523 1292 1563 infinitae
1306 1524 1386 1564 dis-

143 1582 316 1620 ficutratcs
335 1587 543 1626 occurrunt,
563 1593 647 1632 quae
666 1580 915 1620 altercationes
928 1583 1067 1631 pariunt
1083 1590 1120 1622 et
1139 1583 1243 1623 lites:
1263 1588 1386 1638 pieta-

143 1653 219 1686 tem
241 1649 329 1685 vero
353 1648 389 1684 in
418 1643 540 1684 Deum
556 1659 631 1683 non
656 1651 915 1696 promovent·
946 1657 1027 1696 quae
1051 1647 1186 1696 pietas,
1216 1660 1291 1686 non
1322 1662 1386 1698 per

143 1707 335 1747 hominum
354 1707 633 1759 disputationes,
653 1707 719 1746 sed
738 1721 803 1759 per
822 1706 958 1746 fidem
951 1721 988 1745 m
1006 1706 1143 1756 Deum,
1162 1708 1276 1748 solide
1291 1710 1388 1749 aedi-

145 1772 280 1810 fleatur.

200 1831 334 1874 Fidem
355 1833 514 1884 intellige
543 1840 756 1885 operantem
781 1847 844 1886 per
873 1831 1104 1883 charitatem,
1121 1848 1185 1875 seu
1216 1835 1389 1878 charitate

146 1900 327 1939 vestitam.

198 1958 299 1999 Talis
319 1959 410 1999 fides
436 1966 489 1998 est
506 1961 653 1999 brevior
667 1989 677 2006 ,
702 1961 861 1999 securior
888 1966 924 1999 et
945 1958 1140 2010 simplicior
1154 1961 1199 2000 ad
1217 1963 1388 2014 pietatem

146 2023 229 2067 via;
266 2035 354 2060 vera
378 2024 510 2074 quippe
540 2023 653 2073 pietas
683 2023 720 2061 in
746 2019 818 2060 Dei
850 2023 1002 2061 veritate
1032 2019 1220 2072 fundatur,
1253 2026 1388 2063 nonin

146 2081 336 2122 hominum
357 2085 527 2123 vanitate.

78 2183 82 2186 ,
203 2140 254 2182 D.
273 2141 554 2195 Chysostomus‚
565 2150 600 2184 et
616 2144 674 2183 alii
687 2149 767 2196 post
783 2145 915 2194 ipsum,
931 2144 1053 2195 legunt
1067 2140 1292 2194 οἰκονομίαν,
1305 2146 1388 2186 dis-

11 2243 15 2250 ,
151 2204 403 2254 pensationem
423 2199 534 2251 Dei,
555 2205 713 2253 scilicet,
735 2208 827 2243 circa
845 2204 995 2243 salutem
1017 2210 1190 2243 nostram.

201 2262 277 2304 Sed
298 2261 411 2315 Syrus
430 2277 511 2302 cum
525 2265 720 2315 interprete
736 2272 859 2305 nostro
877 2265 959 2316 legit
978 2260 1211 2315 οἰκοὸομίοιν,
1227 2263 1389 2305 aedifica-

41 2379 43 2386 *
72 2309 94 2349 {e
150 2326 313 2364 tionem:
332 2330 368 2364 et
388 2324 514 2364 melior
534 2333 590 2364 est
610 2325 666 2364 illa
687 2325 808 2366 lectio.
