1462 2540
415 83 604 122 -W
632 75 864 113 unsri-io.
891 71 989 124 θαρ,
1018 69 1073 115 V.
1289 71 1377 126 175

170 142 345 186 Infirmus
371 138 580 192 oet‘oexus3
603 157 654 184 ne
673 144 724 183 sis
739 157 828 196 ergo
846 142 970 183 durior
987 157 998 181 z
1035 177 1038 179 ,

172 204 230 249 A!
250 206 528 259 magissinfinna
541 219 625 246 caro
642 223 655 252 ς
674 219 725 246 ne
741 208 792 245 sis
809 219 898 257 ergo
916 203 1095 246 blandior.

174 265 277 311 Eine
298 281 382 308 cum
405 267 622 308 omnimoda
644 269 808 307 oestitate
822 295 835 315 ‚
860 266 1004 306 interna
1018 273 1056 306 et
1073 265 1252 318 externa,
1271 282 1369 310 cou-

118 331 363 375 vamduuu
389 331 631 382 praeoevendo
650 333 761 372 etiam
789 345 861 380 ne,
880 330 941 370 vel
957 331 1006 370 ob
1037 337 1181 383 tempus
1195 360 1207 380 ‚
1242 332 1303 373 vel
1319 334 1375 374 ob

116 391 238 431 locum
251 422 263 440 ‚
282 395 416 432 oriatur
433 395 611 444 suspicio.

173 447 221 495 ff.
239 453 279 492 3.
302 453 444 492 Viduas
459 454 623 502 honora,
647 467 731 506 qnoe
749 444 976 493 ver-[vidua
993 460 1092 493 sunt.
1131 453 1137 457 ”

177 516 322 554 Viduas
335 530 418 568 quoe
437 519 534 563 vere',
553 523 590 556 et
602 517 807 557 secundum
820 519 980 556 nominis
1001 515 1264 570 etymologiam
1275 548 1285 566 ‚
1302 521 1370 558 νί-

115 578 204 617 dua:
227 586 333 625 sunt,
364 579 404 618 id
424 587 501 628 est,
527 580 719 629 desolatae,
739 574 785 621 Ῡ.
803 579 843 620 5.
860 593 926 620 seu
946 580 993 619 ab
1013 582 1114 619 omni
1139 580 1272 620 auxilio
1289 581 1370 621 de·

115 644 251 682 stitutae
268 656 279 687 3

177 705 359 750 Honora,
379 704 416 744 id
438 711 493 743 est
510 735 522 751 .,
556 706 612 745 ale
627 735 637 753 ,
659 712 842 753 sustenta,
863 705 1008 754 adjuva.

173 765 322 813 Honor,
343 770 380 806 in
398 766 605 817 scripturis,
626 768 836 816 frequenter
855 771 1007 808 sumitur
1022 782 1091 821 pro
1111 769 1373 810 alimentorum

112 835 151 868 et
162 832 540 869 vitaenecessariorum
556 833 888 870 subministratione
904 847 913 870 z
931 834 978 870 ita
992 831 1098 880 hujus
1111 829 1293 883 capitisfi·
1303 846 1369 885 ¹7·

113 898 152 930 et
168 889 300 931 Matth.
322 891 382 930 15.
400 890 579 932 Dominus
593 892 701 933 Jesus
718 900 939 947 praeceptum
954 899 1123 944 parentes
1139 893 1365 944 honorandi,

117 952 166 993 de
185 954 404 1003 obligatione
419 954 537 992 alendi
557 956 822 1005 interpretatur.

172 1013 298 1064 ltaque
312 1044 324 1061 ‚
352 1020 441 1054 vere·
459 1015 585 1053 viduas
601 1045 613 1063 ,
640 1011 820 1056 desolatas
842 1022 879 1054 et
899 1017 1072 1055 omnibus
1096 1016 1270 1056 subsidiis
1289 1015 1371 1056 de-

114 1077 255 1115 stitutas
270 1103 281 1121 ,
310 1075 364 1114 ale
398 1082 435 1114 et
477 1082 638 1116 sustenta
653 1104 664 1124 ,
697 1075 834 1115 scilieet
877 1075 924 1115 de
950 1075 1200 1127 largitionibus
1226 1074 1374 1117 Eccle-

114 1148 194 1175 stae.

171 1194 333 1236 Ecclesia
359 1199 574 1236 miserorum
606 1203 748 1244 mater,
776 1199 919 1234 miseris
944 1208 1092 1248 semper
1118 1203 1176 1236 est
1205 1197 1339 1238 misen
1355 1211 1372 1235 ε

114 1257 203 1298 hinc
220 1259 349 1298 viduas
366 1256 532 1298 Ecclesia
561 1272 713 1297 nascens
731 1258 830 1297 aluit.

172 1320 249 1361 Hic
263 1330 383 1363 autem
399 1336 481 1372 erga
493 1336 553 1362 eas
570 1323 775 1374 praecipitur
788 1321 923 1369 honor,
938 1323 1127 1374 oppositus
1143 1321 1366 1374 despectui:

53 1358 71 1413 γ’
112 1380 162 1422 de
179 1395 253 1433 quo
271 1379 356 1422 Act.
379 1380 416 1421 6.
436 1375 483 1423 Ῠ.
512 1394 542 1423 ι.

167 1436 314 1490 Ῡ.4.8ἰ
323 1458 395 1492 qua
410 1450 533 1480 autem
553 1443 667 1481 vidua
680 1441 789 1491 filios
807 1449 874 1480 aul
889 1449 1035 1493 nepotes
1052 1443 1180 1490 habet,
1198 1443 1369 1486 discat...

468 1545 732 1573 ossszuvaTio
762 1545 1019 1575 uT‘rERAus.

169 1622 293 1674 Hujus
308 1625 472 1664 versiculi
491 1628 579 1665 sicut
597 1625 732 1675 duplex
744 1632 797 1665 est
815 1625 939 1673 lectio,
955 1628 1001 1665 ita
1012 1633 1047 1666 et
1065 1625 1201 1677 duplex
1219 1639 1370 1666 sensus:

170 1685 295 1726 Prima
315 1687 423 1726 lectio
440 1701 546 1740 quam
576 1695 697 1726 nostra
725 1685 876 1738 Vulgata
895 1689 1057 1738 sequitur
1071 1717 1082 1735 ‚
1105 1693 1161 1726 est
1176 1686 1232 1726 illa
1249 1701 1364 1738 quam

114 1749 266 1798 apposui
286 1761 296 1786 ς
316 1749 351 1785 si
365 1763 438 1798 qua
456 1749 610 1788 vidua...
627 1749 765 1794 discm,
793 1750 831 1788 in
844 1749 1026 1800 singulari.

171 1810 366 1862 Hujusque
385 1820 518 1851 nostrae
545 1813 709 1853 lectionis
734 1828 862 1853 sensus
887 1821 941 1853 est
965 1827 1075 1865 quem
1101 1814 1138 1851 in
1160 1812 1369 1864 paraphrasi

110 1874 302 1928 expressi:
319 1870 357 1911 Si
374 1886 442 1924 qua
461 1873 568 1912 vidua
582 1903 593 1919 ‚
614 1877 693 1912 viro
714 1874 862 1925 quidem
885 1875 1009 1912 orbata
1023 1903 1034 1919 ,
1056 1873 1123 1912 sed
1140 1872 1368 1913 facultatibus

114 1947 191 1980 non
205 1933 397 1979 destituta,
419 1935 510 1974 filios
524 1965 536 1983 ‚
557 1943 614 1974 aut
635 1935 788 1975 filiorum
806 1936 900 1976 filios
917 1936 1028 1975 habet
1044 1950 1054 1974 ε
1074 1930 1157 1974 haec
1174 1941 1258 1975 ante
1274 1947 1366 1974 om·

111 2002 176 2040 nia
196 2002 308 2041 discat
325 2002 495 2043 familiam
510 2019 612 2044 suam
626 2034 638 2052 ‚
663 2005 732 2045 hos
753 2005 894 2045 scilicet
914 2006 1032 2054 filios,
1057 2010 1118 2044 aut
1134 2004 1291 2044 fitiorum
1307 2004 1365 2044 fi·

113 2062 183 2102 lios
200 2066 377 2106 instruere
395 2075 432 2106 et
453 2082 603 2119 regere,
628 2076 696 2108 etc.
721 2067 754 2107 V
759 2070 818 2109 ide
849 2069 984 2122 reliqua
1009 2074 1045 2109 in
1063 2069 1289 2123 paraphrasi:

170 2121 341 2164 Secunda
353 2127 481 2174 tectio.
496 2143 603 2179 quam
619 2129 729 2170 hahet
744 2128 898 2171 Graecus
913 2131 1111 2172 hodiernus
1126 2139 1164 2172 et
1180 2145 1288 2183 quam
1299 2144 1362 2172 se·

116 2190 275 2235 quantur
297 2187 397 2226 multi
415 2216 427 2233 ‚
451 2195 505 2228 est
525 2189 635 2231 haec:

118 2307 130 2318 ·
170 2247 216 2346 δῖ’
233 2263 307 2346 qula
327 2258 454 2288 autem
480 2252 599 2314 vidua
609 2252 722 2303 filios
740 2261 809 2293 aut
834 2261 981 2306 nepotes
1002 2254 1139 2301 hahet,
1160 2251 1373 2297 discant...-

116 2320 156 2345 m
174 2319 199 2358 p
213 2321 274 2347 ura
286 2323 299 2348 1
312 2323 324 2356 ς
