1448 2540
325 99 331 114 ἶ
355 130 541 179 ,πιηῐκ
565 131 797 161 ssxvosrrm.
823 105 924 170 Cap.
952 114 1019 161 11.
1241 118 1296 161 35
1313 152 1326 162 2

32 223 36 227 ,
112 187 275 245 deo
293 196 469 230 venturus
487 190 560 237 sit,
586 189 675 241 quid
696 189 900 230 adventum
927 189 1007 240 eius
1035 188 1216 236 retardet,
1243 197 1306 230 aut

16 292 20 297 ,
55 256 295 304 promoveat,
325 251 407 302 quia
439 262 603 302 praesens
633 249 730 291 clare
746 250 863 297 dixis,
886 249 1044 290 obscure
1066 249 1216 300 scribit;
1236 251 1304 291 sed

19 356 39 362 ⁷
56 312 108 352 irs
122 315 163 350 ut
177 311 292 361 possit
308 311 418 349 etiam
434 312 454 348 a
473 310 580 349 nobis
599 309 756 360 conjici,
777 304 824 352 1.
843 309 868 349 5
889 326 899 356 ;
923 308 968 350 6.

15 411 47 423 .›
111 371 265 415 Interim
281 402 293 421 ‚
315 372 436 413 donec
456 379 624 426 appareat
645 373 780 425 palam,
797 374 835 413 in
852 373 976 426 figuris
998 380 1035 414 et
1052 373 1110 413 sut
1126 374 1304 415 similibus

4 432 14 489 J
55 435 169 478 tatere
182 443 221 477 et
235 438 376 490 operari
394 443 543 486 monet,
563 432 608 480 fi.
628 452 668 490 7.

5 501 25 539 ζ
114 497 232 552 Ejus,
261 503 343 540 cum
365 503 591 554 apparuerit,
622 503 826 555 potentiam
840 504 1038 543 satanicam
1053 509 1089 543 et
1106 505 1305 555 praestigias

59 564 254 605 diabolicas
273 565 444 606 describit
460 596 470 613 ‚
490 565 545 617 Ῡ.
563 581 603 621 9.

114 624 160 675 111
186 641 278 678 quos
302 626 398 666 hanc
416 630 614 678 potentiam
642 630 688 668 sit
720 630 967 679 exerciturus,
986 642 1150 682 quosque
1167 629 1307 670 seduc-

15 693 177 739 ιἰπὶ-115..
210 686 263 737 Υ.
296 701 370 733 10,
404 693 440 727 et
471 702 582 741 quare
618 687 675 740 ff.
712 705 790 737 u;
825 691 903 739 ejus
929 690 1088 743 denique
1119 696 1302 739 mortem,

114 746 218 800 Quid
230 749 356 790 clarius
374 757 409 790 et
431 749 632 791 distinctius
649 754 687 791 in
703 749 902 805 Scripturis
915 751 934 792 ἓ)
949 751 1023 791 hoc
1042 751 1237 804 praedixit,
1257 767 1307 794 ne

6 810 285 864 f'ssidecipiantur
301 814 362 865 qui
381 819 468 852 tunc
486 820 605 862 erunt,
629 816 676 854 ait
692 812 743 855 D.
761 810 928 855 Joannes
948 812 1252 868 chrysostomus-

23 927 25 929 ¹
113 869 285 922 Addam,
311 873 406 914 hanc
439 873 656 916 Antichristi
692 878 889 929 imaginem
914 877 1008 917 adeo
1035 878 1131 917 vivis
1156 884 1194 916 et
1214 891 1306 930 pro-

59 935 146 987 priis
175 935 356 976 coloribus
382 937 576 989 depinxit,
602 945 640 979 ut
656 940 703 979 ab
720 941 895 981 omnibus
917 942 1070 980 omnino
1094 937 1307 980 Christianis

61 1002 318 1048 agnosceretur
331 997 417 1037 ille
406 1000 564 1049 impius,
585 999 775 1053 nullusque
792 1002 838 1040 ab
855 1016 900 1041 eo
917 1002 1156 1053 deciperetur.

27 1081 45 1098 2
113 1053 264 1097 Addam
290 1062 327 1096 et
354 1057 488 1108 quod·
477 1072 516 1096 m
546 1051 592 1099 fi
611 1059 650 1098 3.
679 1059 777 1100 dixi.
804 1064 906 1113 quasi
934 1063 1061 1113 spiritu
1091 1062 1308 1115 prophetico

12 1130 45 1170 2ss
51 1122 147 1161 tune
160 1117 390 1171 praevidisset
405 1115 609 1169 Apostolus
620 1118 775 1160 suturam
789 1123 904 1161 nostri
918 1123 1096 1174 temporis
1113 1122 1308 1164 haeretico-

5 1177 43 1226 j,.
59 1191 144 1218 rum
160 1177 423 1231 impudentiam
437 1178 548 1232 (quae
581 1177 718 1221 Christi
733 1184 937 1232 ficarium,
955 1196 1147 1222 romanum
1166 1181 1309 1224 Ponti-

7 1243 36 1298 ᾗ
60 1237 185 1288 ficem,
217 1246 293 1278 non
309 1246 455 1279 veretur
470 1237 738 1281 Antichristum
755 1240 999 1290 nominare),
1023 1255 1179 1293 eamque
1202 1240 1309 1283 Pau·-

14 1310 41 1359 ²3
62 1299 118 1341 lus
135 1313 185 1341 ex
204 1308 290 1342 tunc
306 1304 505 1355 reprimere
523 1302 723 1348 voluisset;

7 1363 26 1380 ‘''
116 1360 209 1404 Ideo
233 1365 321 1415 ipsis
346 1364 532 1417 praedicit·
555 1362 805 1406 Antichristus
828 1365 944 1407 homo
973 1369 1043 1407 erit
1066 1366 1255 1419 singularis
1273 1373 1311 1408 et

13 1423 44 1450 ..2
61 1440 177 1467 unus·
195 1440 271 1466 non
287 1428 409 1474 multi,
435 1429 527 1468 sicut
547 1430 687 1467 romani
708 1429 912 1481 pontifices.

13 1485 22 1507 ¹
118 1487 250 1528 Homo
280 1491 347 1528 erit
375 1489 694 1540 sceleratissimus,
732 1504 808 1532 non
833 1498 1004 1542 sanctus,
1031 1492 1154 1544 quales
1183 1491 1311 1532 saltem

14 1554 20 1596 ’ἶ
62 1550 165 1590 multi
182 1564 323 1590 romam
339 1550 542 1602 pontifices.

31 1631 51 1679 ·ι
115 1610 247 1652 Homo
265 1610 350 1651 Deo
369 1618 406 1651 et
425 1609 572 1651 Christo
593 1614 812 1662 contrarius,
838 1613 973 1653 cultum
1002 1611 1075 1654 Dei
1092 1613 1281 1655 destruens
1294 1643 1306 1663 ‚

14 1672 35 1699 ³³³
62 1681 100 1715 et
117 1675 213 1716 solus
234 1683 274 1716 ut
292 1674 392 1716 Deus
411 1677 552 1716 adorari
572 1677 700 1716 volens
717 1693 726 1724 ;
749 1691 827 1716 non
845 1679 893 1717 ita
923 1680 1063 1718 romani
1086 1679 1278 1730 pontifices
1291 1707 1303 1726 ‚

17 1732 127 1790 ''r-'qui
142 1735 264 1778 Deum
297 1745 334 1778 et
364 1737 550 1779 Christum
579 1739 749 1786 adorant;
771 1740 907 1780 cultum
934 1737 1007 1780 Dei
1026 1746 1064 1779 et
1091 1737 1227 1780 Christi
1245 1754 1309 1781 sa-

26 1805 188 1852 ‘ctagunt
215 1804 253 1840 et
286 1808 532 1851 promovent,
522 1816 532 1824 ·
564 1803 627 1853 qui
652 1815 722 1841 nec
750 1801 821 1841 coli
850 1801 978 1842 volunt
1008 1809 1044 1842 et
1074 1802 1240 1853 adoran‘,
1268 1809 1310 1843 ut

16 1855 47 1898 ἔί
60 1856 181 1901 Deus.
671 1895 673 1897 .

116 1921 246 1963 Homo
267 1926 350 1964 erit
358 1926 396 1963 in
426 1937 497 1976 quo
523 1930 561 1964 et
589 1911 656 1977 per
684 1939 796 1978 quern
814 1925 979 1966 diabolus
1010 1927 1112 1978 signa
1130 1925 1237 1966 saciet
1270 1932 1308 1966 et

17 1976 46 2033 ’ἶ
17 1984 253 2057 (prodigiat
273 1987 337 2025 ubi
354 1985 464 2025 haec'
453 2000 491 2025 m
509 1983 670 2027 Summo
687 1985 869 2028 Pontifice
891 1995 928 2029 et
954 1988 1090 2041 reliqua
1105 1989 1200 2028 alia?

118 2045 157 2087 Ο
184 2050 350 2088 astutiam
377 2048 615 2089 diabolicam!
643 2049 806 2090 haeretici
836 2057 921 2091 sunt
949 2048 1175 2091 Antichristi
1200 2048 1311 2089 rudi-

18 2103 25 2163 'J
62 2114 211 2158 menta,
233 2110 358 2162 figurae
387 2118 423 2151 et
453 2125 716 2164 praecursores;
748 2110 970 2155 Antichristi
999 2116 1229 2166 iniquitatem
1248 2125 1315 2151 ar-

17 2174 162 2341 geme·
195 2182 394 2224 peragun13
426 2178 539 2228 ipsius
556 2178 756 2218 adventum
776 2179 850 2218 suis
875 2177 1141 2219 defectionibus
1156 2183 1192 2218 et
1217 2188 1315 2228 apo-

65 2238 183 2273 stasus
204 2241 437 2285 promovent.

53 2303 56 2306 '
119 2292 253 2336 Veniet
278 2297 335 2336 ille
363 2299 518 2348 impius,
548 2300 631 2338 cum
646 2313 712 2351 per
736 2300 865 2340 multas
890 2299 1089 2353 singulares
1115 2300 1312 2353 apostasias

34 2352 154 2395 facta
176 2356 323 2397 tandem
342 2357 447 2398 suerit
466 2360 643 2411 apostasia
663 2360 854 2412 generalis.

22 2429 47 2493 (Ξ

31 2429 47 2479 tra-vi*

24 2469 47 2540 *tarn
