1448 2540
231 126 233 129 .
350 124 353 127 ι
381 67 575 111 'rmux
601 77 838 109 amsi-no.
865 64 963 119 Cap.
978 66 1045 119 11.
1279 70 1333 113 ‚5

124 139 204 184 Sed
222 141 488 191 summanum,
512 145 551 179 et
570 139 685 191 magis
711 137 759 178 ad
783 137 940 180 litteram
969 141 1019 180 ita
1043 138 1332 195 distinguuntur,

75 212 117 247 ut
132 217 205 247 nec
219 202 353 245 eodem
368 209 537 255 tempore
555 202 747 243 credantur
765 201 897 244 futura.

129 263 208 307 Sed
226 266 347 319 primo
368 265 434 305 fiet
451 264 610 305 desectio
626 280 637 311 ;
706 294 714 302 .

128 326 282 369 Deinde
299 327 487 380 apparebit
502 325 749 367 Antichristus
762 338 774 371 ;

131 387 308 443 Denique
327 387 494 429 Christus
510 386 696 428 Dominus
714 388 839 427 veniet
863 387 909 426 ad
926 387 1117 438 judicium.

135 451 327 505 Quantum
347 459 468 493 autem
483 453 656 504 temporis
676 449 904 490 intervallum
921 452 1017 491 inter
1034 451 1113 492 haec
1129 451 1264 494 debeat
1277 455 1337 495 in-

0 560 3 570 :
78 515 232 568 tercipi‚
263 528 341 554 non
368 513 476 554 docet
504 510 726 565 Apostolus;
752 511 819 552 sed
846 510 920 552 hoc
947 515 1109 563 omisso,
1147 517 1339 569 tacitisque

79 578 175 618 inter
190 575 270 618 haec
288 576 472 617 intervalla
488 575 613 616 suturis
634 575 828 616 eventibus
844 604 856 625 ‚
875 577 948 627 agit
966 576 1073 617 simul
1095 576 1141 617 de
1161 577 1220 617 his
1240 578 1339 618 duo-

80 640 151 680 bus
167 641 277 691 signis
293 669 304 689 ‚
326 641 408 693 quia
426 637 581 690 quadam
596 637 807 678 causalitatis
824 641 1125 679 concatenatione
1138 647 1222 680 sunt
1240 654 1341 681 con-

81 703 223 753 juncta,
247 704 332 742 cum
355 700 511 740 defectio
540 701 741 741 adventum
763 696 982 742 Antichristi
1006 709 1248 756 promoveat,
1269 717 1341 744 nec

37 796 40 798 .
82 770 168 804 ante
185 777 269 804 eam
285 769 459 804 venturus
476 765 522 803 sit
543 760 805 803 Antichristus.

438 867 691 906 mSQmst'rto
722 865 978 899 LITTERALIS.

138 946 232 985 Nisi
250 948 391 987 venerit
410 947 598 987 discessio.
619 943 686 987 Gr.
708 942 924 999 Apostasia.

141 1005 245 1058 Quid
271 1011 318 1047 sit
339 1008 422 1048 haze
443 1009 617 1048 discessio
632 1038 644 1059 ‚
665 1022 730 1048 seu
757 1008 937 1062 defectio,
958 1024 1023 1051 seu
1045 1012 1247 1062 apostasia,
1267 1025 1346 1052 non

85 1069 240 1121 explicat
269 1067 401 1108 Paulus
415 1098 426 1116 ‚
461 1071 543 1120 quia
564 1082 728 1122 praesens
750 1070 970 1121 explicuerat
995 1070 1347 1117 Thessalonicensie

84 1130 177 1180 hm,
196 1136 235 1170 ut
254 1136 351 1184 patet
368 1143 414 1170 ex
433 1123 479 1171 Ῠ.
499 1130 523 1168 5
544 1137 582 1169 et
602 1129 641 1171 6.

140 1190 193 1232 Et
210 1195 292 1246 quia
306 1195 447 1245 scriptis
463 1207 539 1232 non
554 1193 709 1246 explicat
722 1223 733 1243 ,
751 1207 855 1233 mens
870 1195 980 1247 ipsius
996 1198 1034 1235 in
1049 1195 1107 1236 his
1128 1203 1163 1237 et
1178 1211 1347 1250 sequen-

83 1254 182 1295 tibus
206 1257 372 1296 versibus
400 1253 507 1294 valde
535 1255 710 1307 perplexa
737 1260 819 1304 est,
850 1262 887 1295 et
919 1257 1027 1296 nobis
1053 1257 1235 1308 obscura,
1266 1273 1348 1312 quae

84 1315 477 1360 Thessalonicensibus
498 1327 573 1360 erat
589 1319 806 1366 clarissima3
832 1334 914 1359 earn
930 1321 1113 1370 conjicere
1134 1323 1219 1362 licet
1234 1350 1246 1372 ‚
1268 1336 1348 1362 non

84 1383 179 1422 scire
200 1398 210 1421 ε
229 1385 307 1437 quis
326 1387 425 1426 enim
444 1384 573 1425 audeat
586 1384 717 1424 claram
734 1385 804 1424 sibi
825 1387 1036 1438 promittere
1054 1388 1351 1439 intelligentiam,-

84 1445 150 1485 nbi
166 1445 272 1486 divus
296 1444 522 1499 Augustinus
538 1461 640 1487 suam
657 1446 787 1487 fatetur
804 1445 1073 1498 ignorantiam?
1097 1451 1175 1501 Ego
1194 1464 1347 1502 prorsus

85 1507 177 1558 quid
204 1508 343 1545 dixerit
356 1506 490 1558 fateor
517 1521 578 1545 me
605 1508 788 1556 ignorare.
805 1505 854 1547 D.
883 1504 1109 1560 Augustinus
1125 1538 1138 1560 ,
1167 1510 1214 1549 de
1246 1511 1349 1557 civit,

78 1565 186 1617 Dei,
206 1568 269 1609 lib.
293 1583 357 1608 20.
377 1583 457 1620 cap.
482 1583 556 1627 ²9⁶.
617 1566 621 1570 ’

141 1625 385 1669 Tertullianus
401 1658 413 1679 ,
436 1627 488 1669 D.
519 1627 705 1678 Irenaeus,
733 1635 770 1669 et
788 1635 872 1681 post
894 1631 992 1683 ipsos
1016 1643 1148 1671 omnes
1174 1645 1349 1672 commu-

88 1694 184 1733 niter
201 1695 358 1746 antiqui,
377 1695 514 1746 opinati
531 1699 614 1732 sunt
629 1691 707 1732 sore
722 1692 967 1733 defectionem
979 1723 990 1742 ‚
1006 1707 1070 1732 seu
1086 1693 1350 1734 discessionem

89 1755 137 1793 ab
159 1756 313 1807 imperio
338 1753 618 1806 Romanorum,
646 1755 702 1795 cui
728 1760 824 1795 totus
851 1755 1011 1796 mundus
1038 1760 1115 1794 erat
1141 1760 1227 1794 tunc
1252 1756 1349 1795 sub-

93 1815 202 1856 ditus.

144 1877 221 1920 Sed
252 1881 336 1920 ciim
366 1879 567 1932 temporale
593 1878 849 1920 Romanorum
871 1882 1067 1933 imperium
1090 1883 1111 1921 ὲ
1135 1881 1245 1933 longo
1273 1882 1349 1931 jam

90 1949 258 1994 tempore
285 1944 331 1982 sit
358 1956 551 1991 eversum,
585 1956 656 1982 nec
683 1949 805 1983 tamen
833 1946 1037 1997 apparuerit
1066 1941 1315 1984 Antichristus
1331 1960 1350 1993 ‚·

89 2003 168 2057 ipsa
187 2011 285 2057 patet
310 2006 535 2058 experientia
562 2005 600 2046 id
624 2005 672 2046 de
694 2006 883 2058 temporali
910 2005 985 2047 hoc
1011 2007 1165 2058 imperio
1193 2005 1348 2057 intelligi

89 2078 168 2107 non
184 2065 338 2107 debere.

143 2124 206 2166 De
239 2140 324 2179 quo?
338 2124 489 2177 itaque?

143 2184 208 2227 De
232 2186 435 2227 defectione
463 2190 484 2226 a
507 2186 677 2239 spirituali
714 2183 970 2226 Romanorum
1003 2185 1159 2237 imperio
1195 2197 1261 2226 seu
1296 2185 1346 2227 de

3 2289 9 2296 ,
54 2247 298 2293 defectione
326 2248 483 2300 generali
509 2251 530 2287 a
558 2247 633 2287 fide
665 2247 840 2288 catholica
871 2259 1032 2288 romanae
1061 2242 1256 2289 Ecclesiae.
1290 2245 1346 2289 tta

57 2319 74 2339 ν’
89 2307 142 2352 D.
160 2309 328 2351 Thomas
343 2340 353 2359 ‚
376 2316 414 2350 et
430 2309 487 2350 alii
504 2311 763 2351 communiter.

320 2376 363 2406 V·
1101 2377 1132 2408 2
