1448 2540
360 31 535 69 mroex
561 10 981 68 urosmo.cap.1.
1057 50 1070 61 ,
1236 10 1293 63 85

34 96 127 145 tibi,
145 90 169 134 ὁ
185 93 236 134 fili
246 89 470 148 Timothee!
491 96 553 130 tuo
570 90 664 128 insta
679 85 827 135 officio,
842 91 882 126 et
897 87 998 136 juxta
1014 81 1228 137 prophetias
1244 81 1301 122 de

37 163 76 197 te
97 155 231 202 factas,
251 155 375 204 eisque
397 149 647 202 respondens,
668 149 805 188 bonam
825 146 958 186 milites
985 145 1175 195 militiam,
1198 143 1303 185 falsis

39 221 212 260 resistens
228 215 462 262 doctoribus,
481 219 516 253 et
533 225 658 253 sanam
673 209 873 263 praedicans
889 209 1106 249 doctrinam.

96 278 145 321 Et
158 279 224 320 hic
239 291 368 319 sensus
387 279 509 316 bonus
525 282 582 316 est
600 281 637 315 et
655 272 840 323 litteralis,
863 271 1029 324 mihique
1045 255 1204 324 primuni
1215 270 1303 323 pla·-

43 347 115 386 cuit
132 356 210 397 prae
227 343 380 382 caeteris.

97 404 159 446 Re
180 412 302 444 tamen
319 404 488 443 attentius
516 396 776 447 considerata,
798 403 887 450 puto
916 397 1015 450 quod
1035 411 1167 438 sensus
1186 397 1313 438 mutto

44 468 187 520 plenior
204 467 299 514 erit,
320 470 355 504 et
372 466 436 503 toti
460 464 577 504 textui
594 459 846 509 conformior,
865 461 896 500 si
914 473 977 511 per
993 461 1064 499 hoc
1076 468 1311 512 praeceptum

45 531 261 584 intelligatur
286 535 360 569 tota
380 528 542 568 doctrina
563 526 800 581 praecedens,
825 539 890 565 sen
913 538 1043 566 omnes
1068 527 1239 566 veritates
1266 527 1313 565 in

46 592 122 632 hoc
141 594 259 644 capite
276 590 482 642 explicatae.

106 651 222 703 Quasi
253 651 391 691 diceret
418 667 427 689 :
459 651 545 689 Hoc
562 655 789 701 proeceptum
804 676 816 696 ,
840 646 937 688 hanc
960 647 1276 688 denuntiationem
1291 675 1313 697 ,

50 729 114 756 seu
135 714 202 753 has
221 715 391 753 veritates
414 716 520 764 supra
539 712 757 763 explicatas,
789 711 1005 750 commendo
1033 711 1124 759 tibi,
1149 717 1190 750 ut
1204 741 1217 759 ‚
1238 717 1322 751 etc.

109 774 210 823 Hic,
233 777 380 827 inquam
395 803 404 820 ,
427 787 554 813 sensus
575 779 629 812 est
657 774 721 811 toti
748 774 864 811 textui
896 771 1116 812 conformior
1145 787 1154 810 ε
1179 771 1316 812 eadem

54 840 152 878 enirn
167 852 261 877 voce
277 839 386 876 utitur
406 836 467 876 hic
485 833 683 887 Apostolus
696 862 707 878 .
731 834 800 888 qua
818 829 864 876 fi.
891 836 916 874 3
936 842 973 875 et
996 835 1020 875 5
1036 852 1044 882 ς
1063 836 1163 875 unde
1184 835 1321 887 colligo

55 898 156 952 quod
172 898 234 938 hic
251 912 375 938 versus
391 898 639 950 praecedentes
654 910 784 936 omnes
802 898 984 948 respiciat.

114 960 201 998 Hoc
221 966 458 1010 proeceptum.
478 957 546 998 Gr.
560 954 709 996 ταυτὸν
729 953 982 1009 παραγελίαιν
995 988 1005 1007 ,
1040 958 1089 999 de
1115 957 1185 1012 qu&
1204 954 1250 1002 Ῠ,
1270 958 1321 1009 3,

58 1014 121 1061 Ne
145 1021 316 1059 docerent
332 1022 464 1067 aliter,
491 1035 605 1071 neque
621 1019 843 1069 adfubulas
863 1022 1106 1061 intenderent.

114 1079 165 1122 Et
187 1082 235 1121 de
254 1082 343 1134 qua,
365 1075 411 1122 Ῠ.
429 1083 453 1122 5
466 1112 476 1131 ‚
499 1089 538 1122 ut
557 1081 603 1121 ad
620 1082 830 1122 charitatem
844 1110 856 1131 ,
879 1095 1030 1133 scopum
1056 1086 1230 1136 praecepti
1250 1083 1324 1124 di·

59 1145 145 1183 vini
162 1173 173 1189 ,
202 1144 408 1183 tenderent.

118 1203 167 1244 Et
185 1204 278 1244 hanc
299 1206 487 1243 veritatem
506 1218 617 1256 quam
635 1218 702 1256 pro
716 1203 956 1243 fundamento
971 1210 1182 1244 caeterarum
1196 1206 1329 1246 stabi·

63 1268 153 1316 livi,
179 1269 276 1319 quod
307 1265 477 1307 Christus
510 1268 693 1307 Dominus
724 1268 828 1307 venit
859 1274 1071 1318 peccatores
1101 1269 1222 1308 salvos
1239 1267 1331 1320 su—

68 1342 192 1368 cere...

123 1388 205 1430 Has
233 1404 362 1430 omnes
384 1393 580 1439 veritates,
614 1398 726 1430 totam
749 1391 846 1431 hanc
872 1391 1074 1432 doctrinam
1099 1394 1334 1434 commendo

77 1451 158 1490 tibi.

134 1512 184 1551 Ut
203 1513 401 1551 secundum
418 1513 665 1564 praecedentes
684 1515 911 1565 prophetias.

127 1572 334 1613 Verisimile
362 1581 417 1614 est
446 1573 690 1614 Timotheum
721 1589 767 1615 ex
801 1576 1024 1616 revelatione
1055 1576 1186 1618 factum
1218 1578 1338 1620 fuisse

74 1634 330 1685 evangelistam
351 1641 388 1674 et
410 1638 624 1687 episcopum
640 1665 651 1682 ,
675 1639 722 1676 ait
742 1635 1014 1677 Theodoretus.

131 1693 241 1734 Tunc
263 1697 360 1748 enim
382 1699 506 1736 omnia
529 1697 663 1735 fiebant
682 1712 763 1737 cum
787 1698 1002 1750 prophetid,
1028 1698 1066 1738 id
1087 1707 1164 1750 est,
1182 1701 1338 1742 revela-—

77 1760 180 1798 tione
205 1754 358 1808 Spiritus
384 1761 511 1799 sancti.
535 1757 818 1810 Chrysostomus
833 1789 845 1809 ,
878 1758 1158 1812 Theodoram,
1190 1761 1338 1804 Theo-

79 1821 287 1874 phylacius.

134 1881 261 1934 ltaque
289 1885 512 1924 commendo
548 1886 612 1924 tibi
638 1892 750 1924 totam
781 1886 875 1926 hanc
903 1888 1131 1937 doctrinam,
1163 1896 1202 1929 ut
1229 1892 1336 1940 juxta

0 1977 2 1988 .
24 1990 25 1993 Ἴ
83 1944 291 1996 prophetias
311 1945 358 1985 de
390 1953 424 1985 te
451 1946 561 1986 saetas
576 1976 587 1994 ,
612 1961 745 1999 easque
769 1948 972 1999 adimplens
989 1979 998 1994 ‚
1033 1949 1170 1989 bonam
1197 1951 1341 1990 milites

85 2006 286 2054 militiam,
307 2007 468 2061 bonique
488 2008 648 2060 praesulis
666 2012 875 2061 exsequaris
896 2010 1069 2051 officium.

18 2066 24 2075 “
142 2065 270 2108 Bonus
286 2076 407 2120 pastor
432 2074 606 2122 perpetuo
625 2071 776 2111 militare
798 2073 935 2122 debet,
955 2080 992 2113 ut
1012 2080 1224 2125 peccatum,
1253 2075 1340 2115 dia-

16 2138 24 2170 ‘2
88 2128 190 2226 bpg:
181 2141 355 2179 egnum,
374 2131 558 2182 destruat,
577 2140 612 2172 et
631 2140 669 2172 ut
687 2130 821 2173 Christi
840 2147 991 2186 regnum
1008 2140 1147 2175 tueatur
1164 2141 1199 2175 et
1214 2135 1341 2175 adim·

19 2205 39 2247 (ἶ
91 2201 138 2240 pl
166 2193 234 2226 cet.

148 2250 201 2303 Y.
228 2266 288 2307 19.
313 2251 602 2303 Habensfidem
621 2263 656 2294 et
677 2257 811 2296 bonam
830 2258 1108 2298 conscientiam.
