1448 2540
0 0 41 207 ἶ
436 94 615 127 rumex
643 94 874 125 Exposmo.
906 81 999 138 Cap.
1029 82 1094 125 ΙΙ.
1307 86 1359 136 4ι

162 149 311 196 Ῑῐιῑεπιέ
329 149 465 194 scilicet
484 152 732 193 consolatione
763 152 929 194 hortetur
961 160 999 195 et
1026 153 1185 206 impellat
1213 156 1359 196 animos

106 222 248 256 vestros
268 216 313 257 ad
329 216 625 257 observationem
651 214 830 255 doctrinae
847 217 956 256 vobis
973 217 1112 256 traditae
1124 246 1136 268 ‚
1156 223 1194 257 et
1213 217 1260 257 ad
1277 219 1359 258 bo·-

0 327 10 339 ?
103 290 235 318 norum
258 292 411 331 operum
447 280 820 328 consummationem,
843 285 883 317 ut
905 279 951 318 ad
980 279 1154 330 salutem,
1179 279 1226 319 ad
1244 293 1355 333 quam

0 341 14 390 ’ᾖ
101 343 221 381 vocati
235 344 322 382 estis
333 371 345 392 ‚
362 340 510 380 valeatis
521 341 728 392 pervenire.

0 388 13 462 ξ
156 401 260 444 Deus
279 404 375 444 solus
389 402 552 444 cordium
568 405 656 442 vere
683 401 900 450 consolator,
921 400 1132 450 exhortator
1159 409 1195 442 et
1217 403 1355 449 confir-

0 466 8 523 ξ
98 474 240 517 mator,
259 469 383 522 gratim
399 481 474 508 suae
502 469 674 507 unctione
698 474 734 507 et
749 466 957 520 perfusione
980 480 1041 506 cor
1063 469 1114 506 sic
1129 468 1350 520 consolatur,

98 534 138 567 ut
156 533 190 567 et
206 527 292 567 illud
313 527 535 579 exhortetur,
553 535 589 568 et
609 527 828 579 confirmet,
850 535 886 568 et
902 527 1058 580 impellat
1079 528 1124 567 ad
1144 542 1255 570 omne
1272 532 1351 571 bo-

95 602 186 630 num
208 605 314 644 opus.

147 649 254 691 Deus
281 652 400 693 cordis
435 654 531 704 mei,
559 666 622 693 cor
637 666 762 692 meum
782 653 902 704 gratiae
933 658 1003 692 tuae
1025 651 1104 691 luce
1134 653 1344 705 perfunde,

43 717 45 720 ⁴
91 715 264 755 unctione
284 721 455 767 penetra,
478 722 518 755 ut
536 715 614 755 luce
629 713 754 754 divin&
774 713 958 766 perfusum
976 714 1158 754 credenda
1193 716 1314 756 credat
1331 734 1342 763 ;

92 780 133 814 ut
152 779 326 818 unctione
338 783 583 831 penetratum,
598 776 797 826 dilatatum,
818 776 919 816 viam
932 776 1185 816 mandatorum
1202 783 1348 818 tuorum

89 843 221 878 currat.

89 937 337 979 corollarium
366 941 518 990 pietatis
533 968 544 988 ‚
575 954 639 979 seu
673 940 712 978 in
744 940 814 978 hoc
848 939 979 990 Capite
999 955 1021 979 2
1037 968 1050 987 ,
1086 940 1140 978 ad
1163 941 1343 991 pietatem

309 1010 476 1048 maxime}
491 1010 673 1056 notanda,
687 1016 724 1047 et
735 1010 788 1047 ad
796 1011 950 1060 praxim
966 1010 1179 1061 redigendo.

638 1123 783 1160 pulmo.

88 1191 176 1266 An
197 1223 248 1265 tui
270 1223 557 1265 consolationem
592 1225 692 1264 disce
719 1237 802 1263 cum
830 1225 961 1276 gaudio
982 1231 1017 1264 et
1038 1231 1124 1264 nota
1143 1227 1242 1277 quod
1265 1227 1339 1268 ho-

84 1290 175 1329 mini
195 1293 282 1329 vere
307 1288 526 1336 christiano,
547 1287 594 1327 de
610 1288 766 1340 peccatis
786 1290 874 1326 vere
894 1286 1055 1334 dolenti,
1078 1293 1115 1326 et
1135 1289 1174 1325 in
1202 1287 1339 1331 Jesum

84 1349 289 1401 Christum,
308 1350 535 1392 Salvatorem
553 1349 708 1399 mundi,
727 1352 884 1401 speranti
901 1379 910 1398 ‚
933 1349 1048 1389 multo
1065 1353 1179 1403 magis
1198 1359 1337 1405 optan-

28 1435 32 1440 >
82 1413 148 1455 dns
167 1421 204 1454 et
231 1413 478 1454 desiderabilis
493 1414 561 1462 sit,
585 1415 691 1464 quarn
708 1411 925 1450 metuendus
961 1411 1138 1452 adventus
1166 1411 1336 1456 Domini.

137 1460 258 1526 Huiffs
275 1474 524 1514 consolatoriae
544 1474 703 1512 veritatis
720 1474 876 1511 rationes
891 1472 979 1513 vide
997 1473 1033 1511 in
1051 1479 1314 1517 commentario
1325 1509 1339 1518 .

81 1529 128 1577 2'.
149 1550 184 1573 1.

133 1594 279 1636 lbidem
298 1595 382 1636 vide
401 1594 664 1647 responsiones
685 1592 954 1641 objectionibus
975 1594 1146 1636 timorem
1164 1598 1331 1640 suaden-

77 1660 187 1699 tibus.

131 1719 179 1762 Id
196 1721 304 1760 etiam
323 1719 450 1760 videre
462 1725 567 1770 potes
584 1719 714 1770 primae
733 1717 780 1757 ad
799 1715 1166 1771 Thessalonicenses,
1185 1736 1263 1775 cap.
1285 1724 1328 1776 5,

77 1786 119 1832 fi.
139 1785 177 1826 5.

132 1845 194 1887 De
213 1846 370 1899 peccatis
388 1847 508 1898 itaque
526 1844 632 1897 dole,
650 1857 754 1898 spera
774 1846 811 1884 in
828 1843 958 1885 Jesum
975 1843 1179 1897 Christum,
1202 1852 1327 1905 tuique

0 1909 3 1922 ²
75 1907 268 1951 salvatoris
285 1909 484 1949 adventum
503 1913 601 1960 opta.

571 2012 577 2023 ⁴
605 1998 803 2036 securum.

130 2086 194 2129 Ad
209 2094 282 2130 tuae
296 2088 415 2128 salutis
428 2088 657 2128 securitatem
671 2115 681 2135 ,
697 2088 779 2139 quia
796 2097 941 2138 prorsus
953 2087 1131 2127 incertum
1146 2094 1200 2129 est
1214 2088 1322 2143 huius

5 2179 9 2181 -
64 2150 254 2193 <adventus
269 2152 443 2191 dominici
470 2158 612 2202 tempus
626 2179 637 2199 ,
656 2149 799 2201 solique
814 2146 897 2188 Deo
917 2151 1101 2199 cognitum
1113 2181 1124 2201 ‚

129 2214 242 2255 Juxta
262 2211 406 2253 Christi
416 2212 569 2253 Domini
589 2214 792 2261 monitum,
823 2214 862 2252 in
879 2212 982 2250 omni
1005 2211 1086 2252 loco
1100 2243 1112 2264 ‚
1142 2213 1319 2270 omnique

42 2286 235 2332 {tempore
254 2276 383 2328 vigila;

10 2329 15 2364 7
52 2367 54 2369 >
120 2338 316 2392 Tanquam
347 2350 474 2378 servus
499 2335 616 2376 fidelis
637 2342 671 2376 et
701 2335 882 2390 prudens,
903 2341 1058 2388 expecta
1084 2333 1312 2398 Dominum,

164 2408 209 2435 v.
1146 2411 1183 2436 2.
