1448 2540
374 64 552 112 ramex
579 81 812 116 xxposmo.
841 74 937 127 Cap.
962 71 1032 118 ΙΙ.
1278 75 1335 118 33

132 138 200 182 Ad
222 141 380 195 primum
395 140 536 182 radium
555 155 634 183 suae
649 148 861 195 praesentiae
875 177 888 198 ‚
906 145 981 188 hoc
1006 149 1203 201 iniquitatis
1219 162 1333 190 mon-

7 221 17 245 ··.
76 211 192 247 strum
203 201 364 246 destruet
384 204 437 244 sol
457 206 627 255 justitiae;
649 209 741 248 sicut
757 209 804 248 ad
824 210 910 250 solis
926 211 1142 259 adventum,
1162 211 1333 264 sugantur

76 268 242 309 r-ebrae
257 298 268 318 ‚
295 269 345 308 ait
364 265 414 308 D.
432 266 689 322 Hieronymus
705 287 714 318 ;
746 273 839 312 sicut
860 273 907 312 ad
925 275 1019 325 ignis
1035 276 1329 327 approximatio-

73 340 163 369 nem
177 358 190 381 ,
218 330 480 370 comburuntur
508 331 695 382 bestiolae,
714 335 764 373 ait
782 332 833 374 D.
853 333 1160 389 chrysostomus.

128 387 185 440 Ῡ.
213 406 253 445 9.
283 391 400 444 Cujus
424 398 480 431 est
509 392 689 434 adventus
704 396 907 435 secundum
942 399 1199 448 operationem
1235 397 1275 437 S
1274 413 1329 438 a-

76 463 221 496 tanoe...

128 515 318 559 Describit
351 519 545 559 satanicam
574 517 792 563 Antichristi
829 527 1031 576 potentiam
1062 526 1110 565 ad
1135 525 1326 566 seducen-

75 580 164 620 dum
182 612 194 632 ,
222 581 357 634 hisque
391 584 490 634 quasi
522 583 657 624 ultimis
693 586 874 628 coloribus
908 591 985 640 ejus
1010 590 1152 642 perficit
1195 590 1331 641 imagi-

74 657 177 685 nem.

132 703 208 756 Qui
228 704 318 746 cum
331 706 540 757 advenerit,
563 721 629 759 per
648 713 899 762 operationem
915 718 951 752 et
969 712 1170 753 efficaciam
1186 709 1331 753 Satanae

74 780 187 808 omne
206 781 321 820 genus
338 767 571 809 mendacium
585 771 836 812 miraculorum
847 772 968 813 faciet.

128 827 218 870 Non
241 832 340 870 enim
369 844 455 870 vera
473 828 578 871 faciet
605 835 773 874 miracula
790 864 803 884 ‚
827 837 906 875 vim
923 842 1060 876 naturae
1094 835 1324 889 superantia;

74 887 144 928 sed
162 889 261 940 salsa,
282 893 321 931 vi
338 892 473 932 scilicet
489 900 652 942 naturae3
673 897 732 937 vel
747 911 812 950 per
829 900 1026 951 praestigias
1043 898 1257 950 diabolicas,
1278 898 1323 938 il-

77 950 238 992 ludendo
253 955 423 993 sensibus
440 954 647 996 hominum.

131 1012 237 1055 Hinc
261 1013 327 1055 Gr.
349 1017 522 1068 prodigiis
546 1019 740 1068 mendacii,
758 1020 797 1059 id
813 1028 888 1071 est,
907 1022 1004 1063 salsis
1021 1029 1057 1064 et
1073 1023 1273 1065 fallacibus.

133 1076 189 1130 Υ.
212 1094 275 1118 10.
296 1079 348 1117 Et
370 1080 408 1117 in
425 1083 531 1117 omni
545 1081 808 1123 seduc-tima...

129 1139 186 1181 Ut
218 1143 257 1181 in
285 1144 387 1182 ornni
414 1148 489 1182 arte
521 1149 556 1183 et
579 1142 712 1183 fallacia
734 1144 883 1184 seducat
911 1146 957 1183 ad
990 1148 1220 1200 iniquitatem
1251 1161 1330 1189 non

74 1202 280 1258 quoslibet,
296 1204 362 1244 sed
384 1218 449 1244 eos
468 1206 529 1256 qui
544 1211 675 1257 sponte
689 1204 751 1245 sua
773 1208 891 1259 perire
911 1206 1052 1247 volunt.

129 1265 188 1304 Εὸ
202 1265 302 1317 quod
317 1266 539 1305 charitatem
558 1267 786 1307 vahalim...

128 1322 331 1378 Propterea
374 1327 472 1380 qubd
501 1329 695 1368 veritatem
725 1331 747 1367 a
777 1324 925 1368 Christo
952 1331 1225 1380 annuntiatam,
1255 1344 1322 1372 seu

75 1388 266 1428 veritatem
285 1384 477 1439 Evangelii
495 1387 742 1429 charissimam
762 1396 798 1429 et
817 1389 1114 1431 amabilissimam
1132 1391 1329 1432 noluemnt

75 1450 263 1501 recipere,
289 1457 329 1489 ut
351 1465 416 1502 per
434 1465 514 1491 eam
533 1452 621 1491 salvi
643 1452 790 1492 fierent.

133 1508 298 1550 Christus
328 1510 482 1551 charitas
513 1519 550 1551 et
581 1515 714 1552 veritas
739 1520 823 1564 est,
857 1527 921 1553 seu
952 1515 1144 1555 verissima
1172 1515 1328 1557 charitas

77 1577 116 1612 et
134 1571 342 1612 charissima
360 1575 492 1613 veritas
516 1589 525 1612 :
556 1580 593 1613 ut
612 1577 746 1614 veritas
761 1575 911 1624 docuit,
931 1582 970 1614 ut
988 1575 1142 1616 charitas
1158 1577 1328 1619 redemit.

131 1630 298 1674 Christus
315 1666 327 1685 ‚
351 1637 504 1684 veritas,
524 1635 584 1675 lux
604 1635 750 1683 mundi,
774 1635 898 1675 docuit
911 1665 923 1685 ,
942 1636 1080 1683 illuxit;
1101 1644 1136 1678 at
1154 1637 1327 1693 homines

77 1695 194 1746 magis
210 1694 414 1736 dilexerunt
441 1697 610 1736 tenebras
628 1703 664 1736 et
683 1697 912 1737 mendacium
932 1701 1041 1749 quam
1063 1698 1181 1739 lucem
1196 1706 1233 1740 et
1251 1714 1328 1740 ve-

77 1758 235 1797 ritatem.

133 1815 299 1859 Christus
319 1817 470 1860 charitas
493 1820 649 1861 redemit
676 1835 743 1861 nos
763 1839 772 1869 3
798 1822 1011 1873 sanguinem
1042 1835 1147 1861 suum
1166 1821 1261 1862 fudit
1290 1828 1329 1862 et

78 1879 210 1920 obtulit
242 1883 281 1922 in
315 1884 472 1934 pretium
504 1888 640 1922 nostrae
677 1883 943 1935 redemptionis
961 1899 970 1922 z
1011 1882 1184 1922 homines
1225 1882 1327 1923 hunc

78 1955 242 1984 amorem
264 1958 339 1985 non
356 1951 589 1992 amaverunt3
610 1945 684 1986 hoc
701 1946 822 1986 salutis
849 1958 922 1984 suae
938 1947 1096 1996 pretium
1114 1958 1191 1984 non
1221 1959 1328 1985 rece·

77 2016 224 2059 perunt.

133 2071 225 2110 Hoc
237 2079 292 2111 est
305 2072 495 2122 judicium
514 2073 658 2113 mundi.

134 2131 226 2172 Ideo
238 2137 359 2173 mittet
372 2136 445 2174 illis
463 2135 560 2174 Deus
571 2135 818 2186 operationem
835 2134 981 2182 erroris,
998 2140 1040 2172 ut
1056 2133 1207 2172 credant
1220 2146 1328 2172 men-

76 2188 204 2233 δαείο.

134 2251 252 2301 Ideo,
280 2255 318 2293 in
347 2267 494 2306 poenam
517 2254 776 2295 incredulitatis
793 2261 830 2295 et
847 2253 1114 2306 ingratitudinis
1133 2263 1224 2302 suae,
1245 2252 1329 2304 quia

19 2319 35 2337 ’·
80 2310 267 2355 Christum
285 2317 478 2356 veritatem
503 2323 539 2357 et
557 2315 766 2356 charitatem
779 2346 791 2368 ‚
811 2330 860 2356 ex
876 2329 1001 2356 amore
1018 2327 1106 2355 vera
1127 2314 1326 2355 docentem
