1448 2540
0 0 30 127 f
281 39 570 109 PRIMAE
608 37 1035 104 EPISTOLAE

66 194 140 268 B.
199 163 462 265 PAULI
516 186 636 259 AD
690 135 1262 259 TIMOTHEUM

317 322 599 383 TRIPLEX
629 334 1006 389 EXPOSI'no,

0 427 3 469 ζ
37 460 284 507 ANALYffl,
323 456 670 504 PARAPHRASI,
702 455 872 501 ATQUE
896 454 1302 494 COMMENTARIO-

0 711 3 780 Q
440 682 896 748 PRAEFATlo.

42 811 369 889 TIMOTREUS‚
391 828 585 896 Lystris
608 828 660 875 in
679 825 933 895 Lycaonia
956 835 1103 874 natus
1128 844 1188 875 ex
1209 844 1304 892 pa·

12 956 16 969 -‚
42 922 120 961 tre
145 910 313 977 gentili
331 919 380 958 et
397 919 555 958 matre
568 907 735 973 judaea
752 907 872 968 rsed
898 908 1166 957 christiana
1183 945 1195 968 ,
1217 910 1303 957 eui

13 1019 17 1025 κ
42 1009 226 1041 nomen
251 991 324 1056 (1)
354 989 541 1037 Eunice
557 1024 570 1048 ‚
598 990 651 1036 in
670 989 856 1037 Christi
875 988 973 1038 fide
1000 990 1097 1038 fuit
1121 990 1314 1040 educa-—

21 1083 155 1135 ¹tus,
181 1081 229 1119 et
261 1072 289 1118 ὲ
311 1070 522 1135 pueritia
554 1071 706 1117 sacris
737 1069 812 1136 (2)
840 1070 1018 1118 litteris
1044 1071 1309 1132 eruditus,

18 1164 28 1175 *
47 1163 98 1202 et
114 1152 180 1202 ob
199 1152 414 1217 egregias
431 1151 582 1198 animi
600 1148 739 1198 dotes
756 1185 768 1208 ‚
790 1151 1017 1198 maximae
1036 1149 1168 1215 apud
1188 1168 1313 1200 suos·

48 1235 279 1283 concives
297 1241 345 1279 et
362 1232 551 1279 vicinos
566 1230 639 1295 (3)
661 1230 1037 1279 existimationis
1053 1250 1066 1292 3
1092 1241 1141 1278 et
1158 1249 1307 1297 prop-

50 1322 128 1361 ter
145 1313 253 1360 haec
282 1312 447 1360 omnia
465 1347 478 1371 ‚
505 1311 557 1358 S.
586 1309 740 1358 Paulo
771 1311 994 1375 apostolo
1016 1313 1082 1359 ita
1104 1323 1270 1377 gratus
1287 1349 1311 1373 ,

53 1402 139 1453 ut,
167 1393 282 1441 efim
314 1393 548 1460 Lystram
580 1393 918 1456 pervenisset,
953 1392 1311 1454 Timotheum,

53 1473 174 1522 ilcet
200 1479 439 1537 juvenem
469 1482 518 1519 et
556 1471 943 1533 adolescentem,
987 1477 1321 1539 assumpserit..

0 1574 6 1599 ε
58 1572 160 1603 suae
181 1554 592 1618 peregrinationis
616 1554 846 1601 comitem
866 1563 911 1601 et
942 1553 1322 1619 praedicationis

59 1637 274 1695 socium,
296 1636 412 1683 Act.
442 1633 518 1682 16.
548 1639 598 1688 ψ.
625 1633 674 1681 3.

128 1715 383 1773 Ωυειῐιῐίιη]
410 1724 575 1764 autem
597 1713 729 1780 apud
743 1714 889 1764 talem
909 1725 956 1766 et
975 1726 1169 1765 tantum
1185 1717 1320 1767 doc—

59 1807 222 1846 torem
250 1805 298 1844 et
327 1798 643 1861 magistrum,
674 1805 775 1844 tam
800 1799 1021 1862 egregius
1039 1797 1320 1863 discipulus

60 1878 320 1944 profecerit
346 1878 397 1925 in
417 1875 513 1924 fide
528 1913 542 1936 ,
571 1878 623 1924 in
654 1879 793 1926 sacra
815 1878 1040 1927 doctrina
1056 1915 1069 1940 ,-
1103 1881 1156 1927 in
1176 1882 1319 1928 omni

61 1960 323 2008 sanctitate
345 1968 394 2007 et
412 1960 463 2006 in
486 1959 755 2024 apostolico
769 1962 1050 2010 animarum
1066 1961 1170 2010 zelo
1187 1996 1204 2022 ,
1223 1972 1321 2010 tes·

60 2041 127 2088 tis
154 2041 216 2088 sit
239 2038 382 2088 nobis
399 2075 414 2100 ,
438 2050 486 2088 et
505 2040 705 2104 quidem
732 2041 1071 2103 indubitatus,
1107 2045 1326 2108 ipsemet

19 2171 22 2172 γ
66 2121 317 2186 apostolus
334 2121 543 2183 Paulus,
564 2123 647 2187 qui
658 2122 753 2171 hac
766 2123 818 2170 in
832 2123 1049 2189 Epistola
1063 2159 1077 2184 ‚
1093 2142 1204 2189 cap.
1233 2140 1322 2183 10,

20 2256 24 2262 „
59 2210 119 2260 j.
148 2218 175 2249 2
193 2236 206 2260 ‚
227 2200 547 2251 Timotheum
559 2211 703 2252 vocat
721 2204 892 2268 filium
908 2223 1051 2253 suum
1067 2205 1324 2251 dilectum..

64 2323 66 2325 »
123 2304 179 2343 (ι)
197 2311 219 2334 2
234 2299 354 2340 Tim„
371 2310 455 2349 cap.
480 2313 510 2335 1.
529 2303 583 2344 (a)
603 2299 691 2336 ibid.
708 2313 740 2336 c.
759 2303 795 2346 3,
811 2297 856 2346 Ῠ.
881 2303 938 2339 13.
964 2299 1019 2346 (³)
1038 2302 1123 2338 Act.
1143 2300 1205 2344 16,
1225 2295 1332 2345 fia.
