1448 2540
291 84 293 87 ι
341 55 514 102 rumex
542 58 771 98 expostam.
799 55 895 114 cap.
922 53 963 97 1.
1239 38 1300 96 εἰς

27 136 210 173 summam
236 131 338 171 suain
360 127 573 181 'patientiam
601 132 639 167 et
663 123 952 167 misericordiam
982 123 1219 174 ostenderet,
1248 127 1303 167 ad

27 189 239 244 exemptam
253 193 382 230 eo‘rum
399 189 461 240 q'ui
477 187 647 228 credituri
664 193 749 227 sunt
766 188 806 226 in
824 187 971 239 ipsum,
988 186 1036 228 ad
1051 187 1168 227 vitam
1183 192 1300 228 aeter-

29 264 139 301 nam,
157 256 199 292 ut
222 251 360 291 scilicet
377 249 551 303 exempto
574 250 662 289 meo
689 250 961 289 instruerentur
985 246 1058 290 Dei
1080 250 1307 291 misericor·

53 315 150 356 Μ
165 321 324 368 sperare

193 421 537 451 onst-:avunculis
568 420 817 450 LITTERALES
846 420 901 449 ET
930 420 1140 450 MORALES.

98 507 147 546 ln
165 521 224 546 me
237 508 373 558 primo.
398 503 489 546 Non
513 505 613 558 qubd
642 508 772 546 revera
795 519 871 545 non
897 507 944 546 sit
971 508 1087 557 major
1107 513 1310 559 peccator,

44 569 109 612 sed
127 571 210 623 quia
224 570 339 619 maior
357 571 468 609 estin
488 582 555 609 suo
574 581 699 608 sensu.

100 629 201 671 Sicut
218 634 280 683 qui
298 645 472 683 magnum
488 631 643 682 aliquem
660 630 825 671 dolorem
840 632 967 680 sentit,
982 631 1057 672 hoc
1070 631 1208 673 nullum
1223 646 1317 672 ma·

47 689 165 738 iorem
182 698 281 744 putat
295 722 306 740 ,
327 700 505 744 suumque
520 692 606 732 dicit
619 695 783 732 omnium
798 694 1001 733 maximum
1016 709 1025 732 z
1048 695 1095 732 ita
1109 692 1319 746 Apostolus

48 761 238 810 peccatum
257 767 360 794 suum
377 754 450 794 fide
468 761 663 807 penetrans
681 762 716 794 et
737 758 925 802 sentiens,
950 755 1036 796 illud
1054 763 1152 809 putat
1172 763 1208 796 et
1224 756 1315 796 dicit

52 834 270 860 maximum.

111 878 172 920 Sic
188 893 292 919 suum
317 881 469 932 quisque
489 886 676 951 peccatum
698 879 842 929 videat,
866 883 998 923 sentiat
1021 887 1057 921 et
1079 895 1157 933 prae
1186 883 1323 923 dolore

58 943 184 983 dicat:
204 939 444 980 Peccatorum
462 943 598 991 primus
618 954 686 993 ego
705 956 800 982 sum.

114 1003 176 1045 Sic
206 1012 329 1044 tamen
360 1005 409 1043 ob
434 1011 581 1055 peccata
606 1018 670 1043 sua
690 1018 771 1044 sese
797 1006 957 1058 quisquis
981 1005 1172 1054 humiliet,
1212 1014 1251 1047 ut
1278 1010 1325 1048 in

62 1066 249 1109 Christum
281 1063 411 1105 Jesum
440 1065 598 1104 confidat
630 1073 667 1105 et
697 1072 840 1117 speret,
875 1068 942 1118 qui
973 1068 1075 1104 venit
1108 1075 1328 1117 peccatores

65 1131 186 1170 salvos
201 1125 348 1179 fucere.

125 1190 282 1229 Omnem
296 1187 533 1238 patientiam,
552 1200 626 1225 non
642 1191 781 1239 partem
795 1188 932 1226 tantum
948 1186 1101 1239 aliquam
1117 1189 1328 1239 patientiae,

70 1254 136 1296 sed
154 1267 303 1294 omnem
319 1253 628 1304 longanimitatem
646 1265 762 1290 suam.

127 1314 249 1366 Quia
240 1330 276 1355 in
294 1317 513 1354 immensum
532 1326 791 1365 peccaveram,
822 1314 992 1353 universa
1013 1313 1221 1364 indigebam
1247 1316 1335 1365 ejus

2 1402 5 1405 -
72 1376 343 1424 misericordia,
364 1390 428 1416 seu
449 1376 524 1415 tota
549 1381 681 1426 quanta
708 1381 774 1414 est.

129 1439 258 1480 Nullus
276 1446 328 1478 est
354 1441 415 1489 qni
437 1437 534 1477 tanta
561 1437 719 1488 indigeat
745 1438 1004 1478 misericordiae
1020 1435 1240 1478 abundantia
1254 1467 1266 1488 ,
1290 1445 1336 1478 ut

78 1502 127 1542 ait
146 1500 197 1540 D.
214 1498 514 1552 Chrysostomus.

138 1566 202 1605 Ad
225 1563 539 1615 informationem.
572 1560 639 1602 Gr.
663 1562 937 1615 hypotyposin,
970 1562 1016 1601 ad
1044 1562 1250 1615 exemplar,
1285 1563 1341 1603 ad

80 1628 384 1669 exhortationem.
414 1624 713 1678 Chrysostomus.
746 1622 811 1664 Ad
853 1624 1159 1666 consolationem.
1191 1623 1342 1666 Theo-

81 1691 240 1731 doretus.

133 1749 188 1791 Ut
208 1750 377 1802 exemplo
395 1764 479 1790 meo
498 1748 778 1789 informarentur
797 1751 834 1788 in
851 1746 925 1788 Dei
943 1749 1227 1790 misericordiam
1248 1764 1343 1803 spe·

82 1826 160 1853 rare
173 1842 183 1857 ,
204 1817 240 1852 et
259 1811 305 1850 ad
328 1825 408 1851 eam
428 1810 642 1862 confugere.

140 1870 254 1923 Quasi
268 1873 405 1913 diceret
426 1888 434 1911 :
455 1869 520 1911 Me
538 1871 622 1911 fecit
642 1871 854 1923 exemplum
873 1873 1027 1923 grati-‘123
1053 1886 1189 1927 meque
1207 1875 1345 1913 omni·-

88 1933 157 1972 bus
178 1934 295 1984 posuit
315 1935 353 1973 in
380 1931 589 1984 exemplum
605 1962 614 1980 ,
638 1939 678 1972 ut
696 1932 813 1972 nullus
834 1932 1016 1984 desperet.

0 2030 23 2048 >⁷
146 1991 339 2046 Aspiciant
363 1994 484 2046 itaque
506 1999 714 2051 peccatores
740 2007 800 2034 me
834 1989 1054 2047 Apostolum
1080 2007 1209 2044 suum,
1239 1999 1275 2033 et
1302 1994 1348 2032 in

12 2053 20 2058 ’
91 2053 215 2095 Deum
232 2060 392 2105 sperent.

149 2112 476 2163 Quemadmodum
501 2115 688 2164 medicus,
712 2119 796 2156 cum
820 2118 859 2155 in
889 2114 964 2156 und
983 2114 1096 2156 domo
1119 2114 1219 2156 multi
1238 2109 1350 2155 simut

93 2181 295 2226 aegrotant,
321 2181 356 2214 et
380 2185 511 2216 omnes
539 2177 585 2217 de
610 2169 723 2217 salute
748 2177 965 2228 desperant,
985 2178 1015 2215 si
1043 2190 1156 2216 unum
1187 2177 1351 2228 pessime

94 2236 266 2278 affectum
277 2239 472 2288 acceperit,
490 2244 526 2278 et
542 2238 633 2278 datis
645 2241 681 2279 ei
698 2237 973 2279 medicamentis
990 2238 1036 2277 ad
1049 2229 1355 2291 perfectissimam

24 2296 45 2353 ⁷?-
97 2300 286 2340 sanitatem
306 2299 498 2341 deduxerit
510 2328 521 2349 ,
542 2298 682 2341 facitur
706 2300 763 2341 alii
781 2313 911 2341 omnes
932 2299 1102 2342 fiduciam
1116 2296 1353 2355 concipiant;
